<?xml version="1.0" encoding="UTF-8"?>
<!DOCTYPE html PUBLIC "-//W3C//DTD XHTML 1.0 Transitional//EN"
    "http://www.w3.org/TR/xhtml1/DTD/xhtml1-transitional.dtd">
<html xmlns="http://www.w3.org/1999/xhtml" xml:lang="en" lang="en">
 <head>
  <title>
</title>
<meta http-equiv="Content-Type" content="text/html;charset=utf-8" />
  <meta name='ocr-system' content='tesseract 3.04.00' />
  <meta name='ocr-capabilities' content='ocr_page ocr_carea ocr_par ocr_line ocrx_word'/>
</head>
<body>
  <div class='ocr_page' id='page_1' title='image "./deepimenidecret01schugoog_0065.png"; bbox 0 0 3032 5086; ppageno 0'>
   <div class='ocr_carea' id='block_1_1' title="bbox 777 451 860 508">
    <p class='ocr_par' dir='ltr' id='par_1_1' title="bbox 777 451 860 508">
     <span class='ocr_line' id='line_1_1' title="bbox 777 451 860 508; baseline 0.012 0"><span class='ocrx_word' id='word_1_1' title='bbox 777 451 860 508; x_wconf 84' lang='lat'><strong><em>60‘</em></strong></span> 
     </span>
    </p>
   </div>
   <div class='ocr_carea' id='block_1_2' title="bbox 245 615 1348 1371">
    <p class='ocr_par' dir='ltr' id='par_1_2' title="bbox 245 615 1348 1371">
     <span class='ocr_line' id='line_1_2' title="bbox 246 615 1347 710; baseline 0.017 -30"><span class='ocrx_word' id='word_1_2' title='bbox 246 615 376 701; x_wconf 84' lang='grc' dir='ltr'><strong><em>μενίδης</em></strong></span> <span class='ocrx_word' id='word_1_3' title='bbox 395 615 431 683; x_wconf 83' lang='grc' dir='ltr'><strong><em>δέ</em></strong></span> <span class='ocrx_word' id='word_1_4' title='bbox 451 618 505 684; x_wconf 88' lang='grc' dir='ltr'><strong><em>καί</em></strong></span> <span class='ocrx_word' id='word_1_5' title='bbox 526 619 680 704; x_wconf 84' lang='grc' dir='ltr'><strong><em>πέμπτον</em></strong></span> <span class='ocrx_word' id='word_1_6' title='bbox 699 623 898 710; x_wconf 88' lang='grc' dir='ltr'><strong><em>προςτίθησι</em></strong></span> <span class='ocrx_word' id='word_1_7' title='bbox 918 624 1110 709; x_wconf 76' lang='grc' dir='ltr'><strong><em>Πρέσβωνα.</em></strong></span> <span class='ocrx_word' id='word_1_8' title='bbox 1142 655 1185 694; x_wconf 69' lang='lat' dir='ltr'><strong><em>z:</em></strong></span> <span class='ocrx_word' id='word_1_9' title='bbox 1206 631 1347 699; x_wconf 85' lang='lat' dir='ltr'><strong>Eudocia</strong></span> 
     </span>
     <span class='ocr_line' id='line_1_3' title="bbox 251 719 1045 815; baseline 0.016 -27"><span class='ocrx_word' id='word_1_10' title='bbox 251 744 281 809; x_wconf 87' lang='lat' dir='ltr'><strong><em>p.</em></strong></span> <span class='ocrx_word' id='word_1_11' title='bbox 297 730 336 792; x_wconf 82' lang='lat'><strong><em>79</em></strong></span> <span class='ocrx_word' id='word_1_12' title='bbox 349 745 412 794; x_wconf 66' lang='grc' dir='ltr'><strong><em>ων.</em></strong></span> <span class='ocrx_word' id='word_1_13' title='bbox 437 728 516 814; x_wconf 87' lang='grc' dir='ltr'><strong><em>περὶ</em></strong></span> <span class='ocrx_word' id='word_1_14' title='bbox 537 738 597 795; x_wconf 74' lang='grc' dir='ltr'><strong><em>τοῦ</em></strong></span> <span class='ocrx_word' id='word_1_15' title='bbox 608 719 743 815; x_wconf 78' lang='grc' dir='ltr'><strong><em>’Ἀργου</em></strong></span> <span class='ocrx_word' id='word_1_16' title='bbox 758 761 799 787; x_wconf 95' lang='lat'><strong><em>=</em></strong></span> <span class='ocrx_word' id='word_1_17' title='bbox 813 734 848 800; x_wconf 83' lang='lat' dir='ltr'><strong><em>F.</em></strong></span> <span class='ocrx_word' id='word_1_18' title='bbox 860 734 899 800; x_wconf 91' lang='lat' dir='ltr'><strong><em>H.</em></strong></span> <span class='ocrx_word' id='word_1_19' title='bbox 912 734 950 802; x_wconf 86' lang='lat' dir='ltr'><strong><em>G.</em></strong></span> <span class='ocrx_word' id='word_1_20' title='bbox 962 734 1000 800; x_wconf 87' lang='lat' dir='ltr'><strong><em>fr.</em></strong></span> <span class='ocrx_word' id='word_1_21' title='bbox 1017 740 1045 801; x_wconf 88' lang='grc'><strong><em>5.</em></strong></span> 
     </span>
     <span class='ocr_line' id='line_1_4' title="bbox 346 830 1347 935; baseline 0.016 -35"><span class='ocrx_word' id='word_1_22' title='bbox 346 837 381 919; x_wconf 84' lang='grc'><strong><em>0)</em></strong></span> <span class='ocrx_word' id='word_1_23' title='bbox 404 837 451 904; x_wconf 92' lang='lat' dir='ltr'><strong><em>III</em></strong></span> <span class='ocrx_word' id='word_1_24' title='bbox 467 843 550 904; x_wconf 76' lang='lat'><strong>242:</strong></span> <span class='ocrx_word' id='word_1_25' title='bbox 579 830 784 925; x_wconf 73' lang='grc' dir='ltr'><strong><em>Ἐπιμενίδης</em></strong></span> <span class='ocrx_word' id='word_1_26' title='bbox 804 842 840 907; x_wconf 89' lang='grc' dir='ltr'><strong><em>δέ</em></strong></span> <span class='ocrx_word' id='word_1_27' title='bbox 858 840 954 928; x_wconf 84' lang='grc' dir='ltr'><strong><em>φησι,</em></strong></span> <span class='ocrx_word' id='word_1_28' title='bbox 986 843 1171 928; x_wconf 88' lang='grc' dir='ltr'><strong><em>Κορίνθιον</em></strong></span> <span class='ocrx_word' id='word_1_29' title='bbox 1192 851 1240 935; x_wconf 77' lang='grc' dir='ltr'><strong><em>τῷ</em></strong></span> <span class='ocrx_word' id='word_1_30' title='bbox 1261 849 1347 934; x_wconf 86' lang='grc' dir='ltr'><strong><em>γένει</em></strong></span> 
     </span>
     <span class='ocr_line' id='line_1_5' title="bbox 247 939 1346 1040; baseline 0.014 -30"><span class='ocrx_word' id='word_1_31' title='bbox 247 939 305 1010; x_wconf 86' lang='grc' dir='ltr'><strong><em>τόν</em></strong></span> <span class='ocrx_word' id='word_1_32' title='bbox 325 940 467 1035; x_wconf 81' lang='grc' dir='ltr'><strong><em>Αἰήτην·</em></strong></span> <span class='ocrx_word' id='word_1_33' title='bbox 491 945 614 1032; x_wconf 91' lang='grc' dir='ltr'><strong><em>μητέρα</em></strong></span> <span class='ocrx_word' id='word_1_34' title='bbox 635 947 671 1014; x_wconf 82' lang='grc' dir='ltr'><strong><em>δέ</em></strong></span> <span class='ocrx_word' id='word_1_35' title='bbox 687 939 786 1016; x_wconf 78' lang='grc' dir='ltr'><strong><em>αότοῦ</em></strong></span> <span class='ocrx_word' id='word_1_36' title='bbox 799 943 947 1040; x_wconf 81' lang='grc' dir='ltr'><strong><em>Ἐφύραν</em></strong></span> <span class='ocrx_word' id='word_1_37' title='bbox 958 952 1049 1040; x_wconf 87' lang='grc' dir='ltr'><strong><em>φησί.</em></strong></span> <span class='ocrx_word' id='word_1_38' title='bbox 1061 945 1102 1010; x_wconf 84' lang='grc' dir='ltr'><strong><em>-----Ι</em></strong></span> <span class='ocrx_word' id='word_1_39' title='bbox 1114 956 1148 1020; x_wconf 88' lang='lat' dir='ltr'><strong><em>F.</em></strong></span> <span class='ocrx_word' id='word_1_40' title='bbox 1161 955 1200 1023; x_wconf 89' lang='lat' dir='ltr'><strong><em>H.</em></strong></span> <span class='ocrx_word' id='word_1_41' title='bbox 1214 957 1251 1023; x_wconf 88' lang='lat' dir='ltr'><strong><em>G.</em></strong></span> <span class='ocrx_word' id='word_1_42' title='bbox 1262 957 1302 1026; x_wconf 88' lang='lat' dir='ltr'><strong><em>fr.</em></strong></span> <span class='ocrx_word' id='word_1_43' title='bbox 1314 965 1346 1026; x_wconf 82' lang='lat'><strong><em>4.</em></strong></span> 
     </span>
     <span class='ocr_line' id='line_1_6' title="bbox 344 1048 1343 1149; baseline 0.014 -31"><span class='ocrx_word' id='word_1_44' title='bbox 344 1056 378 1135; x_wconf 87' lang='grc'><strong><em>7)</em></strong></span> <span class='ocrx_word' id='word_1_45' title='bbox 400 1056 445 1122; x_wconf 93' lang='lat' dir='ltr'><strong><em>IV</em></strong></span> <span class='ocrx_word' id='word_1_46' title='bbox 457 1060 512 1123; x_wconf 81' lang='lat'><strong><em>57:</em></strong></span> <span class='ocrx_word' id='word_1_47' title='bbox 535 1048 743 1144; x_wconf 81' lang='grc' dir='ltr'><strong><em>Ἐπιμενίδης</em></strong></span> <span class='ocrx_word' id='word_1_48' title='bbox 762 1061 798 1126; x_wconf 86' lang='grc' dir='ltr'><strong><em>δὲ</em></strong></span> <span class='ocrx_word' id='word_1_49' title='bbox 814 1051 913 1127; x_wconf 81' lang='grc' dir='ltr'><strong><em>αότόν</em></strong></span> <span class='ocrx_word' id='word_1_50' title='bbox 928 1063 1131 1149; x_wconf 82' lang='lat' dir='ltr'>(Endymion)</span> <span class='ocrx_word' id='word_1_51' title='bbox 1141 1059 1231 1149; x_wconf 83' lang='grc' dir='ltr'><strong><em>παρὰ</em></strong></span> <span class='ocrx_word' id='word_1_52' title='bbox 1242 1070 1343 1146; x_wconf 90' lang='grc' dir='ltr'><strong><em>θεοῖς</em></strong></span> 
     </span>
     <span class='ocr_line' id='line_1_7' title="bbox 245 1159 1348 1258; baseline 0.016 -35"><span class='ocrx_word' id='word_1_53' title='bbox 245 1159 452 1245; x_wconf 77' lang='grc' dir='ltr'><strong><em>διατρίβοντα</em></strong></span> <span class='ocrx_word' id='word_1_54' title='bbox 473 1161 653 1254; x_wconf 76' lang='grc' dir='ltr'><strong><em>ἐρασθῆναί</em></strong></span> <span class='ocrx_word' id='word_1_55' title='bbox 679 1190 760 1252; x_wconf 86' lang='grc' dir='ltr'><strong><em>φησι</em></strong></span> <span class='ocrx_word' id='word_1_56' title='bbox 785 1169 842 1258; x_wconf 79' lang='grc' dir='ltr'><strong><em>τῆς</em></strong></span> <span class='ocrx_word' id='word_1_57' title='bbox 865 1164 973 1254; x_wconf 87' lang='grc' dir='ltr'><strong><em>Ἥρας</em></strong></span> <span class='ocrx_word' id='word_1_58' title='bbox 1002 1165 1120 1254; x_wconf 82' lang='grc' dir='ltr'><strong><em>διόπερ</em></strong></span> <span class='ocrx_word' id='word_1_59' title='bbox 1150 1169 1230 1251; x_wconf 82' lang='grc' dir='ltr'><strong><em>Διὸς</em></strong></span> <span class='ocrx_word' id='word_1_60' title='bbox 1251 1175 1348 1256; x_wconf 88' lang='grc' dir='ltr'><strong><em>χαλε-</em></strong></span> 
     </span>
     <span class='ocr_line' id='line_1_8' title="bbox 245 1263 1346 1371; baseline 0.015 -39"><span class='ocrx_word' id='word_1_61' title='bbox 245 1263 416 1371; x_wconf 24' lang='grc' dir='ltr'><strong><em>πήναντος.</em></strong></span> <span class='ocrx_word' id='word_1_62' title='bbox 425 1266 625 1361; x_wconf 82' lang='grc' dir='ltr'><strong><em>αἰτήσασθαι</em></strong></span> <span class='ocrx_word' id='word_1_63' title='bbox 651 1270 704 1341; x_wconf 80' lang='grc' dir='ltr'><strong><em>διὰ</em></strong></span> <span class='ocrx_word' id='word_1_64' title='bbox 722 1276 847 1355; x_wconf 80' lang='grc' dir='ltr'><strong><em>παντὸς</em></strong></span> <span class='ocrx_word' id='word_1_65' title='bbox 866 1275 1049 1370; x_wconf 81' lang='grc' dir='ltr'><strong><em>καθεύδειν.</em></strong></span> <span class='ocrx_word' id='word_1_66' title='bbox 1063 1307 1103 1336; x_wconf 89' lang='grc'><strong><em>--</em></strong></span> <span class='ocrx_word' id='word_1_67' title='bbox 1114 1281 1151 1346; x_wconf 85' lang='lat' dir='ltr'><strong><em>F.</em></strong></span> <span class='ocrx_word' id='word_1_68' title='bbox 1163 1281 1201 1348; x_wconf 91' lang='lat' dir='ltr'><strong><em>H.</em></strong></span> <span class='ocrx_word' id='word_1_69' title='bbox 1215 1282 1252 1348; x_wconf 87' lang='lat' dir='ltr'><strong><em>G.</em></strong></span> <span class='ocrx_word' id='word_1_70' title='bbox 1263 1283 1302 1349; x_wconf 81' lang='lat' dir='ltr'><strong><em>fr.</em></strong></span> <span class='ocrx_word' id='word_1_71' title='bbox 1316 1288 1346 1350; x_wconf 84' lang='lat'><strong><em>3.</em></strong></span> 
     </span>
    </p>
   </div>
   <div class='ocr_carea' id='block_1_3' title="bbox 247 1377 1345 1556">
    <p class='ocr_par' dir='ltr' id='par_1_3' title="bbox 247 1377 1345 1556">
     <span class='ocr_line' id='line_1_9' title="bbox 345 1377 1345 1472; baseline 0.012 -27"><span class='ocrx_word' id='word_1_72' title='bbox 345 1377 379 1445; x_wconf 85' lang='lat' dir='ltr'><strong><em>C.</em></strong></span> <span class='ocrx_word' id='word_1_73' title='bbox 400 1379 487 1461; x_wconf 89' lang='grc' dir='ltr'><strong><em>Περὶ</em></strong></span> <span class='ocrx_word' id='word_1_74' title='bbox 508 1379 607 1446; x_wconf 86' lang='grc' dir='ltr'><strong><em>Μίνω</em></strong></span> <span class='ocrx_word' id='word_1_75' title='bbox 630 1383 684 1448; x_wconf 84' lang='grc' dir='ltr'><strong><em>καὶ</em></strong></span> <span class='ocrx_word' id='word_1_76' title='bbox 703 1378 956 1469; x_wconf 82' lang='grc' dir='ltr'><strong><em>Ῥαδαμάνθυος.</em></strong></span> <span class='ocrx_word' id='word_1_77' title='bbox 977 1408 1006 1453; x_wconf 89' lang='lat' dir='ltr'><strong><em>v.</em></strong></span> <span class='ocrx_word' id='word_1_78' title='bbox 1020 1391 1111 1454; x_wconf 83' lang='grc'><strong>4000.</strong></span> <span class='ocrx_word' id='word_1_79' title='bbox 1133 1389 1237 1456; x_wconf 84' lang='lat' dir='ltr'><strong>Laert.</strong></span> <span class='ocrx_word' id='word_1_80' title='bbox 1249 1391 1345 1472; x_wconf 84' lang='lat' dir='ltr'><strong>Diog.</strong></span> 
     </span>
     <span class='ocr_line' id='line_1_10' title="bbox 247 1489 515 1556; baseline 0.004 -2"><span class='ocrx_word' id='word_1_81' title='bbox 247 1489 345 1554; x_wconf 85' lang='lat'><strong>1112.</strong></span> <span class='ocrx_word' id='word_1_82' title='bbox 369 1489 515 1556; x_wconf 86' lang='lat' dir='ltr'><strong>Eudocia.</strong></span> 
     </span>
    </p>
   </div>
   <div class='ocr_carea' id='block_1_4' title="bbox 182 1593 1347 4402">
    <p class='ocr_par' dir='ltr' id='par_1_4' title="bbox 244 1593 1345 1772">
     <span class='ocr_line' id='line_1_11' title="bbox 343 1593 1345 1681; baseline 0 -20"><span class='ocrx_word' id='word_1_83' title='bbox 343 1596 382 1661; x_wconf 92' lang='lat' dir='ltr'><strong><em>D.</em></strong></span> <span class='ocrx_word' id='word_1_84' title='bbox 403 1593 544 1680; x_wconf 84' lang='grc' dir='ltr'><strong><em>χρησμοί</em></strong></span> <span class='ocrx_word' id='word_1_85' title='bbox 564 1596 614 1662; x_wconf 90' lang='lat' dir='ltr'><strong><em>vel</em></strong></span> <span class='ocrx_word' id='word_1_86' title='bbox 634 1594 712 1678; x_wconf 87' lang='grc' dir='ltr'><strong><em>περί</em></strong></span> <span class='ocrx_word' id='word_1_87' title='bbox 732 1595 895 1681; x_wconf 83' lang='grc' dir='ltr'><strong><em>χρησμῶν.</em></strong></span> <span class='ocrx_word' id='word_1_88' title='bbox 928 1594 967 1660; x_wconf 87' lang='grc' dir='ltr'><strong><em>Εἰ</em></strong></span> <span class='ocrx_word' id='word_1_89' title='bbox 991 1596 1053 1664; x_wconf 88' lang='lat' dir='ltr'><strong><em>iam</em></strong></span> <span class='ocrx_word' id='word_1_90' title='bbox 1076 1596 1345 1678; x_wconf 79' lang='lat' dir='ltr'><strong>dixiascriptari-</strong></span> 
     </span>
     <span class='ocr_line' id='line_1_12' title="bbox 244 1703 660 1772; baseline 0 -2"><span class='ocrx_word' id='word_1_91' title='bbox 244 1703 304 1771; x_wconf 84' lang='lat' dir='ltr'><strong><em>bus</em></strong></span> <span class='ocrx_word' id='word_1_92' title='bbox 322 1705 539 1772; x_wconf 86' lang='lat' dir='ltr'><strong>ecclesiasticis</strong></span> <span class='ocrx_word' id='word_1_93' title='bbox 550 1704 660 1770; x_wconf 83' lang='lat' dir='ltr'><strong>tribui:</strong></span> 
     </span>
    </p>

    <p class='ocr_par' dir='ltr' id='par_1_5' title="bbox 203 1801 1345 2009">
     <span class='ocr_line' id='line_1_13' title="bbox 343 1801 1309 1902; baseline -0.001 -25"><span class='ocrx_word' id='word_1_94' title='bbox 343 1817 376 1891; x_wconf 87' lang='lat'><strong><em>8)</em></strong></span> <span class='ocrx_word' id='word_1_95' title='bbox 401 1814 527 1902; x_wconf 80' lang='grc' dir='ltr'><strong><em>Κρῆτες</em></strong></span> <span class='ocrx_word' id='word_1_96' title='bbox 546 1804 599 1878; x_wconf 76' lang='grc' dir='ltr'><strong><em>ἀεὶ</em></strong></span> <span class='ocrx_word' id='word_1_97' title='bbox 619 1812 771 1896; x_wconf 77' lang='grc' dir='ltr'><strong><em>ψεῦσται,</em></strong></span> <span class='ocrx_word' id='word_1_98' title='bbox 795 1806 877 1876; x_wconf 85' lang='grc' dir='ltr'><strong><em>κακὰ</em></strong></span> <span class='ocrx_word' id='word_1_99' title='bbox 898 1809 1011 1897; x_wconf 89' lang='grc' dir='ltr'><strong><em>θηρία,</em></strong></span> <span class='ocrx_word' id='word_1_100' title='bbox 1033 1809 1185 1896; x_wconf 79' lang='grc' dir='ltr'><strong><em>γαστέρες</em></strong></span> <span class='ocrx_word' id='word_1_101' title='bbox 1205 1801 1309 1895; x_wconf 82' lang='grc' dir='ltr'><strong><em>σίργαί.</em></strong></span> 
     </span>
     <span class='ocr_line' id='line_1_14' title="bbox 203 1913 1345 2009; baseline -0.004 -22"><span class='ocrx_word' id='word_1_102' title='bbox 203 2002 207 2009; x_wconf 30' lang='lat'>¹</span> <span class='ocrx_word' id='word_1_103' title='bbox 350 1920 383 2004; x_wconf 81' lang='lat'><strong><em>9)</em></strong></span> <span class='ocrx_word' id='word_1_104' title='bbox 405 1921 592 1988; x_wconf 80' lang='lat' dir='ltr'><strong>Aristoteles</strong></span> <span class='ocrx_word' id='word_1_105' title='bbox 614 1920 692 2004; x_wconf 83' lang='grc' dir='ltr'><strong><em>περὶ</em></strong></span> <span class='ocrx_word' id='word_1_106' title='bbox 713 1922 883 2007; x_wconf 77' lang='grc' dir='ltr'><strong><em>ῥητορικῆς</em></strong></span> <span class='ocrx_word' id='word_1_107' title='bbox 903 1920 1080 1999; x_wconf 82' lang='lat'>11117‚10:</span> <span class='ocrx_word' id='word_1_108' title='bbox 1113 1913 1151 1982; x_wconf 84' lang='grc' dir='ltr'><strong><em>τὸ</em></strong></span> <span class='ocrx_word' id='word_1_109' title='bbox 1184 1917 1220 1983; x_wconf 84' lang='grc' dir='ltr'><strong><em>δέ</em></strong></span> <span class='ocrx_word' id='word_1_110' title='bbox 1241 1918 1345 2004; x_wconf 90' lang='grc' dir='ltr'><strong><em>δημη-</em></strong></span> 
     </span>
    </p>

    <p class='ocr_par' dir='ltr' id='par_1_6' title="bbox 246 2020 1347 2334">
     <span class='ocr_line' id='line_1_15' title="bbox 247 2020 1345 2120; baseline -0.001 -26"><span class='ocrx_word' id='word_1_111' title='bbox 247 2031 355 2120; x_wconf 89' lang='grc' dir='ltr'><strong><em>γορεῖν</em></strong></span> <span class='ocrx_word' id='word_1_112' title='bbox 376 2023 605 2112; x_wconf 85' lang='grc' dir='ltr'><strong><em>χαλεπώτερον</em></strong></span> <span class='ocrx_word' id='word_1_113' title='bbox 625 2032 684 2094; x_wconf 86' lang='grc' dir='ltr'><strong><em>τοῦ</em></strong></span> <span class='ocrx_word' id='word_1_114' title='bbox 708 2025 908 2112; x_wconf 76' lang='grc' dir='ltr'><strong><em>δικάζεσθαι,</em></strong></span> <span class='ocrx_word' id='word_1_115' title='bbox 932 2022 1076 2106; x_wconf 86' lang='grc' dir='ltr'><strong><em>εἰκότως,</em></strong></span> <span class='ocrx_word' id='word_1_116' title='bbox 1099 2020 1185 2092; x_wconf 90' lang='grc' dir='ltr'><strong><em>διότι</em></strong></span> <span class='ocrx_word' id='word_1_117' title='bbox 1207 2026 1286 2108; x_wconf 88' lang='grc' dir='ltr'><strong><em>περί</em></strong></span> <span class='ocrx_word' id='word_1_118' title='bbox 1302 2023 1345 2093; x_wconf 84' lang='grc' dir='ltr'><strong><em>τό</em></strong></span> 
     </span>
     <span class='ocr_line' id='line_1_16' title="bbox 248 2126 1347 2224; baseline 0 -22"><span class='ocrx_word' id='word_1_119' title='bbox 248 2137 381 2221; x_wconf 84' lang='grc' dir='ltr'><strong><em>μέλλον·</em></strong></span> <span class='ocrx_word' id='word_1_120' title='bbox 404 2135 529 2204; x_wconf 66' lang='lat' dir='ltr'><strong><em>euecta</em></strong></span> <span class='ocrx_word' id='word_1_121' title='bbox 550 2137 628 2220; x_wconf 88' lang='grc' dir='ltr'><strong><em>περὶ</em></strong></span> <span class='ocrx_word' id='word_1_122' title='bbox 650 2133 688 2202; x_wconf 87' lang='grc' dir='ltr'><strong><em>τό</em></strong></span> <span class='ocrx_word' id='word_1_123' title='bbox 710 2132 850 2224; x_wconf 89' lang='grc' dir='ltr'><strong><em>γεγονός,</em></strong></span> <span class='ocrx_word' id='word_1_124' title='bbox 873 2129 892 2202; x_wconf 77' lang='grc' dir='ltr'>ὃ</span> <span class='ocrx_word' id='word_1_125' title='bbox 914 2130 1089 2220; x_wconf 81' lang='grc' dir='ltr'><strong><em>ἐπιστητόν</em></strong></span> <span class='ocrx_word' id='word_1_126' title='bbox 1111 2126 1172 2221; x_wconf 76' lang='grc' dir='ltr'><strong><em>ἤδη</em></strong></span> <span class='ocrx_word' id='word_1_127' title='bbox 1193 2134 1347 2214; x_wconf 76' lang='grc' dir='ltr'><strong><em>καὶτοῖς</em></strong></span> 
     </span>
     <span class='ocr_line' id='line_1_17' title="bbox 246 2239 954 2334; baseline 0.001 -23"><span class='ocrx_word' id='word_1_128' title='bbox 246 2244 408 2331; x_wconf 86' lang='grc' dir='ltr'><strong><em>μάντεσιν,</em></strong></span> <span class='ocrx_word' id='word_1_129' title='bbox 434 2245 478 2326; x_wconf 78' lang='grc' dir='ltr'><strong><em>ὥς</em></strong></span> <span class='ocrx_word' id='word_1_130' title='bbox 500 2245 564 2334; x_wconf 75' lang='grc' dir='ltr'><strong><em>ἔφη</em></strong></span> <span class='ocrx_word' id='word_1_131' title='bbox 587 2239 791 2333; x_wconf 83' lang='grc' dir='ltr'><strong><em>Ἐπιμενίδης</em></strong></span> <span class='ocrx_word' id='word_1_132' title='bbox 812 2243 830 2313; x_wconf 87' lang='grc' dir='ltr'>ὁ</span> <span class='ocrx_word' id='word_1_133' title='bbox 854 2241 954 2333; x_wconf 82' lang='grc' dir='ltr'><strong><em>Κρης.</em></strong></span> 
     </span>
    </p>

    <p class='ocr_par' dir='ltr' id='par_1_7' title="bbox 243 2349 1347 2988">
     <span class='ocr_line' id='line_1_18' title="bbox 349 2349 1347 2438; baseline 0 -17"><span class='ocrx_word' id='word_1_134' title='bbox 349 2358 400 2438; x_wconf 91' lang='grc'><strong><em>10)</em></strong></span> <span class='ocrx_word' id='word_1_135' title='bbox 420 2357 582 2422; x_wconf 82' lang='lat' dir='ltr'>Plutarchi</span> <span class='ocrx_word' id='word_1_136' title='bbox 598 2359 637 2423; x_wconf 88' lang='lat' dir='ltr'><strong><em>de</em></strong></span> <span class='ocrx_word' id='word_1_137' title='bbox 655 2359 853 2424; x_wconf 87' lang='lat' dir='ltr'><strong>oraculorum</strong></span> <span class='ocrx_word' id='word_1_138' title='bbox 869 2355 992 2423; x_wconf 88' lang='lat' dir='ltr'><strong>defectu</strong></span> <span class='ocrx_word' id='word_1_139' title='bbox 1015 2357 1080 2422; x_wconf 84' lang='lat' dir='ltr'><strong>init.</strong></span> <span class='ocrx_word' id='word_1_140' title='bbox 1100 2349 1236 2435; x_wconf 81' lang='grc' dir='ltr'><strong><em>Ἀετοίς</em></strong></span> <span class='ocrx_word' id='word_1_141' title='bbox 1252 2380 1347 2437; x_wconf 85' lang='grc' dir='ltr'><strong><em>τινας</em></strong></span> 
     </span>
     <span class='ocr_line' id='line_1_19' title="bbox 247 2452 1345 2556; baseline 0.004 -27"><span class='ocrx_word' id='word_1_142' title='bbox 247 2457 423 2555; x_wconf 78' lang='grc' dir='ltr'><strong><em>ἢκέκνους,</em></strong></span> <span class='ocrx_word' id='word_1_143' title='bbox 446 2452 473 2530; x_wconf 79' lang='grc' dir='ltr'><em>ὦ</em></span> <span class='ocrx_word' id='word_1_144' title='bbox 488 2465 635 2550; x_wconf 83' lang='grc' dir='ltr'><strong><em>Τερέντιε</em></strong></span> <span class='ocrx_word' id='word_1_145' title='bbox 649 2466 784 2551; x_wconf 89' lang='grc' dir='ltr'><strong><em>Πρίσκε,</em></strong></span> <span class='ocrx_word' id='word_1_146' title='bbox 806 2469 1053 2556; x_wconf 76' lang='grc' dir='ltr'><strong><em>μυθολογοῦσιν</em></strong></span> <span class='ocrx_word' id='word_1_147' title='bbox 1072 2459 1142 2535; x_wconf 79' lang='grc' dir='ltr'><strong><em>ἆπδ</em></strong></span> <span class='ocrx_word' id='word_1_148' title='bbox 1154 2466 1221 2532; x_wconf 81' lang='grc' dir='ltr'><strong><em>τῶν</em></strong></span> <span class='ocrx_word' id='word_1_149' title='bbox 1232 2457 1345 2552; x_wconf 82' lang='grc' dir='ltr'><strong><em>ίίκρων</em></strong></span> 
     </span>
     <span class='ocr_line' id='line_1_20' title="bbox 245 2565 1346 2664; baseline 0.005 -26"><span class='ocrx_word' id='word_1_150' title='bbox 245 2573 304 2664; x_wconf 79' lang='grc' dir='ltr'><strong><em>τῆς</em></strong></span> <span class='ocrx_word' id='word_1_151' title='bbox 333 2573 391 2659; x_wconf 76' lang='grc' dir='ltr'><strong><em>γῖς</em></strong></span> <span class='ocrx_word' id='word_1_152' title='bbox 422 2569 481 2639; x_wconf 85' lang='grc' dir='ltr'><strong><em>έπί</em></strong></span> <span class='ocrx_word' id='word_1_153' title='bbox 508 2569 546 2638; x_wconf 85' lang='grc' dir='ltr'><strong><em>τό</em></strong></span> <span class='ocrx_word' id='word_1_154' title='bbox 576 2573 677 2657; x_wconf 85' lang='grc' dir='ltr'><strong><em>μέσον</em></strong></span> <span class='ocrx_word' id='word_1_155' title='bbox 707 2572 909 2662; x_wconf 85' lang='grc' dir='ltr'><strong><em>φερομένους</em></strong></span> <span class='ocrx_word' id='word_1_156' title='bbox 947 2570 994 2651; x_wconf 85' lang='grc' dir='ltr'><strong><em>είς</em></strong></span> <span class='ocrx_word' id='word_1_157' title='bbox 1026 2565 1129 2640; x_wconf 78' lang='grc' dir='ltr'><strong><em>ταότό</em></strong></span> <span class='ocrx_word' id='word_1_158' title='bbox 1160 2579 1346 2660; x_wconf 84' lang='grc' dir='ltr'><strong><em>συμπεσεῖν</em></strong></span> 
     </span>
     <span class='ocr_line' id='line_1_21' title="bbox 245 2671 1344 2772; baseline 0.002 -25"><span class='ocrx_word' id='word_1_159' title='bbox 245 2686 372 2762; x_wconf 88' lang='grc' dir='ltr'><strong><em>Πυθοῖ,</em></strong></span> <span class='ocrx_word' id='word_1_160' title='bbox 402 2683 481 2769; x_wconf 86' lang='grc' dir='ltr'><strong><em>περί</em></strong></span> <span class='ocrx_word' id='word_1_161' title='bbox 511 2676 583 2749; x_wconf 87' lang='grc' dir='ltr'><strong><em>τόν</em></strong></span> <span class='ocrx_word' id='word_1_162' title='bbox 600 2678 799 2766; x_wconf 82' lang='grc' dir='ltr'><strong><em>καλούμενον</em></strong></span> <span class='ocrx_word' id='word_1_163' title='bbox 820 2671 979 2771; x_wconf 80' lang='grc' dir='ltr'><strong><em>όμφολον.</em></strong></span> <span class='ocrx_word' id='word_1_164' title='bbox 1012 2677 1148 2766; x_wconf 81' lang='grc' dir='ltr'><strong><em>ίίστερον</em></strong></span> <span class='ocrx_word' id='word_1_165' title='bbox 1178 2682 1215 2750; x_wconf 84' lang='grc' dir='ltr'><strong><em>δέ</em></strong></span> <span class='ocrx_word' id='word_1_166' title='bbox 1234 2680 1344 2772; x_wconf 82' lang='grc' dir='ltr'><strong><em>χρόνῳ</em></strong></span> 
     </span>
     <span class='ocr_line' id='line_1_22' title="bbox 243 2783 1344 2876; baseline 0.001 -19"><span class='ocrx_word' id='word_1_167' title='bbox 243 2787 301 2859; x_wconf 87' lang='grc' dir='ltr'><strong><em>τόν</em></strong></span> <span class='ocrx_word' id='word_1_168' title='bbox 314 2791 469 2858; x_wconf 81' lang='grc' dir='ltr'><strong><em>Φαίστιον</em></strong></span> <span class='ocrx_word' id='word_1_169' title='bbox 479 2783 684 2875; x_wconf 89' lang='grc' dir='ltr'><strong><em>Ἐπιμενίδην</em></strong></span> <span class='ocrx_word' id='word_1_170' title='bbox 696 2789 863 2876; x_wconf 71' lang='grc' dir='ltr'><strong><em>ἐλέγχοντα</em></strong></span> <span class='ocrx_word' id='word_1_171' title='bbox 883 2785 941 2857; x_wconf 86' lang='grc' dir='ltr'><strong><em>τόν</em></strong></span> <span class='ocrx_word' id='word_1_172' title='bbox 963 2792 1074 2874; x_wconf 83' lang='grc' dir='ltr'><strong><em>μῦθον</em></strong></span> <span class='ocrx_word' id='word_1_173' title='bbox 1096 2788 1153 2855; x_wconf 80' lang='grc' dir='ltr'><strong><em>ἐπὶ</em></strong></span> <span class='ocrx_word' id='word_1_174' title='bbox 1173 2793 1233 2857; x_wconf 78' lang='grc' dir='ltr'><strong><em>τοῦ</em></strong></span> <span class='ocrx_word' id='word_1_175' title='bbox 1255 2792 1344 2858; x_wconf 77' lang='grc' dir='ltr'><strong><em>θεοῦ</em></strong></span> 
     </span>
     <span class='ocr_line' id='line_1_23' title="bbox 249 2889 1199 2988; baseline -0.004 -20"><span class='ocrx_word' id='word_1_176' title='bbox 249 2901 303 2968; x_wconf 82' lang='grc' dir='ltr'><strong><em>καί</em></strong></span> <span class='ocrx_word' id='word_1_177' title='bbox 323 2895 464 2984; x_wconf 80' lang='grc' dir='ltr'><strong><em>λαβόντα</em></strong></span> <span class='ocrx_word' id='word_1_178' title='bbox 483 2893 627 2986; x_wconf 85' lang='grc' dir='ltr'><strong><em>χρησμόν</em></strong></span> <span class='ocrx_word' id='word_1_179' title='bbox 648 2889 761 2988; x_wconf 79' lang='grc' dir='ltr'><strong><em>ἆσαφῆ</em></strong></span> <span class='ocrx_word' id='word_1_180' title='bbox 784 2899 838 2965; x_wconf 85' lang='grc' dir='ltr'><strong><em>καί</em></strong></span> <span class='ocrx_word' id='word_1_181' title='bbox 857 2893 1052 2988; x_wconf 77' lang='grc' dir='ltr'><strong><em>ἀμφίβολον,</em></strong></span> <span class='ocrx_word' id='word_1_182' title='bbox 1076 2895 1199 2965; x_wconf 84' lang='grc' dir='ltr'><strong><em>εἰπεῖν·</em></strong></span> 
     </span>
    </p>

    <p class='ocr_par' dir='ltr' id='par_1_8' title="bbox 282 2995 1283 3098">
     <span class='ocr_line' id='line_1_24' title="bbox 282 2995 1283 3098; baseline -0.002 -20"><span class='ocrx_word' id='word_1_183' title='bbox 282 3091 284 3094; x_wconf 32' lang='grc'><strong><em>,</em></strong></span> <span class='ocrx_word' id='word_1_184' title='bbox 350 2999 434 3078; x_wconf 77' lang='grc' dir='ltr'><strong><em>θέτε</em></strong></span> <span class='ocrx_word' id='word_1_185' title='bbox 455 3005 515 3094; x_wconf 83' lang='grc' dir='ltr'><strong><em>γὰρ</em></strong></span> <span class='ocrx_word' id='word_1_186' title='bbox 538 2995 576 3098; x_wconf 79' lang='grc' dir='ltr'><strong><em>ἦν</em></strong></span> <span class='ocrx_word' id='word_1_187' title='bbox 597 3007 687 3095; x_wconf 89' lang='grc' dir='ltr'><strong><em>γαίης</em></strong></span> <span class='ocrx_word' id='word_1_188' title='bbox 705 3008 806 3092; x_wconf 89' lang='grc' dir='ltr'><strong><em>μέσος</em></strong></span> <span class='ocrx_word' id='word_1_189' title='bbox 827 2997 983 3096; x_wconf 83' lang='grc' dir='ltr'><strong><em>δ’μφαλος,</em></strong></span> <span class='ocrx_word' id='word_1_190' title='bbox 1007 3003 1083 3074; x_wconf 83' lang='grc' dir='ltr'><strong><em>οέδέ</em></strong></span> <span class='ocrx_word' id='word_1_191' title='bbox 1104 3002 1283 3095; x_wconf 84' lang='grc' dir='ltr'><strong><em>θαλάσσης.</em></strong></span> 
     </span>
    </p>

    <p class='ocr_par' dir='ltr' id='par_1_9' title="bbox 348 3107 1264 3206">
     <span class='ocr_line' id='line_1_25' title="bbox 348 3107 1264 3206; baseline 0 -21"><span class='ocrx_word' id='word_1_192' title='bbox 348 3115 389 3185; x_wconf 83' lang='grc' dir='ltr'><strong><em>Εἰ</em></strong></span> <span class='ocrx_word' id='word_1_193' title='bbox 409 3117 445 3184; x_wconf 90' lang='grc' dir='ltr'><strong><em>δέ</em></strong></span> <span class='ocrx_word' id='word_1_194' title='bbox 466 3118 516 3197; x_wconf 88' lang='grc' dir='ltr'><strong><em>τίς</em></strong></span> <span class='ocrx_word' id='word_1_195' title='bbox 537 3117 615 3198; x_wconf 81' lang='grc' dir='ltr'><strong><em>ἐστι,</em></strong></span> <span class='ocrx_word' id='word_1_196' title='bbox 637 3121 735 3196; x_wconf 88' lang='grc' dir='ltr'><strong><em>θεοῖς</em></strong></span> <span class='ocrx_word' id='word_1_197' title='bbox 755 3118 864 3204; x_wconf 84' lang='grc' dir='ltr'><strong><em>δῆλος,</em></strong></span> <span class='ocrx_word' id='word_1_198' title='bbox 887 3111 1043 3204; x_wconf 83' lang='grc' dir='ltr'><strong><em>θνήτοισι</em></strong></span> <span class='ocrx_word' id='word_1_199' title='bbox 1060 3116 1088 3182; x_wconf 90' lang='grc' dir='ltr'><strong><em>δ’</em></strong></span> <span class='ocrx_word' id='word_1_200' title='bbox 1110 3107 1264 3206; x_wconf 67' lang='grc' dir='ltr'><strong><em>ἄφαντος.</em></strong></span> 
     </span>
    </p>

    <p class='ocr_par' dir='ltr' id='par_1_10' title="bbox 245 3225 1345 3619">
     <span class='ocr_line' id='line_1_26' title="bbox 346 3225 1344 3310; baseline -0.001 -17"><span class='ocrx_word' id='word_1_201' title='bbox 346 3225 571 3310; x_wconf 62' lang='grc' dir='ltr'><strong><em>Εικαθαρμυί.</em></strong></span> <span class='ocrx_word' id='word_1_202' title='bbox 607 3226 720 3295; x_wconf 87' lang='lat' dir='ltr'><strong>Strabo</strong></span> <span class='ocrx_word' id='word_1_203' title='bbox 733 3229 754 3294; x_wconf 94' lang='lat' dir='ltr'><strong><em>l.</em></strong></span> <span class='ocrx_word' id='word_1_204' title='bbox 767 3247 792 3294; x_wconf 92' lang='lat' dir='ltr'><strong><em>c.</em></strong></span> <span class='ocrx_word' id='word_1_205' title='bbox 806 3225 928 3307; x_wconf 81' lang='lat' dir='ltr'><strong>Suidas,</strong></span> <span class='ocrx_word' id='word_1_206' title='bbox 949 3228 1097 3294; x_wconf 79' lang='lat' dir='ltr'><strong>Eudoc&#39;ia</strong></span> <span class='ocrx_word' id='word_1_207' title='bbox 1129 3227 1198 3294; x_wconf 87' lang='lat' dir='ltr'><strong><em>Hoc</em></strong></span> <span class='ocrx_word' id='word_1_208' title='bbox 1216 3244 1344 3294; x_wconf 87' lang='lat' dir='ltr'><strong>carmen</strong></span> 
     </span>
     <span class='ocr_line' id='line_1_27' title="bbox 248 3334 1345 3419; baseline 0.002 -20"><span class='ocrx_word' id='word_1_209' title='bbox 248 3334 511 3403; x_wconf 85' lang='lat' dir='ltr'><strong>verisimillimum</strong></span> <span class='ocrx_word' id='word_1_210' title='bbox 544 3340 593 3402; x_wconf 86' lang='lat' dir='ltr'><strong><em>est</em></strong></span> <span class='ocrx_word' id='word_1_211' title='bbox 614 3336 652 3401; x_wconf 88' lang='lat' dir='ltr'><strong><em>ab</em></strong></span> <span class='ocrx_word' id='word_1_212' title='bbox 679 3334 814 3416; x_wconf 81' lang='lat' dir='ltr'><strong>Orphica</strong></span> <span class='ocrx_word' id='word_1_213' title='bbox 842 3338 979 3416; x_wconf 87' lang='lat' dir='ltr'><strong>quodam</strong></span> <span class='ocrx_word' id='word_1_214' title='bbox 1011 3342 1104 3417; x_wconf 88' lang='lat' dir='ltr'><strong>poeta</strong></span> <span class='ocrx_word' id='word_1_215' title='bbox 1135 3337 1345 3419; x_wconf 84' lang='lat' dir='ltr'><strong>compositum</strong></span> 
     </span>
     <span class='ocr_line' id='line_1_28' title="bbox 246 3442 1345 3528; baseline -0.005 -15"><span class='ocrx_word' id='word_1_216' title='bbox 246 3445 439 3525; x_wconf 70' lang='lat' dir='ltr'><strong>caecique</strong></span> <span class='ocrx_word' id='word_1_217' title='bbox 465 3444 674 3527; x_wconf 83' lang='lat' dir='ltr'><strong>adscriptum,</strong></span> <span class='ocrx_word' id='word_1_218' title='bbox 706 3447 760 3528; x_wconf 86' lang='lat' dir='ltr'><strong><em>qui</em></strong></span> <span class='ocrx_word' id='word_1_219' title='bbox 792 3447 912 3525; x_wconf 86' lang='lat' dir='ltr'>primus</span> <span class='ocrx_word' id='word_1_220' title='bbox 942 3445 1130 3512; x_wconf 77' lang='lat' dir='ltr'><strong>lustratione</strong></span> <span class='ocrx_word' id='word_1_221' title='bbox 1159 3443 1266 3523; x_wconf 87' lang='lat' dir='ltr'><strong>aliqua</strong></span> <span class='ocrx_word' id='word_1_222' title='bbox 1297 3442 1345 3508; x_wconf 91' lang='lat' dir='ltr'><strong><em>in·</em></strong></span> 
     </span>
     <span class='ocr_line' id='line_1_29' title="bbox 245 3553 416 3619; baseline -0.006 0"><span class='ocrx_word' id='word_1_223' title='bbox 245 3553 416 3619; x_wconf 81' lang='lat' dir='ltr'><strong>claruerat.</strong></span> 
     </span>
    </p>

    <p class='ocr_par' dir='ltr' id='par_1_11' title="bbox 182 3660 1343 3856">
     <span class='ocr_line' id='line_1_30' title="bbox 345 3660 1343 3743; baseline 0.003 -16"><span class='ocrx_word' id='word_1_224' title='bbox 345 3661 478 3728; x_wconf 82' lang='lat' dir='ltr'><strong>Restant</strong></span> <span class='ocrx_word' id='word_1_225' title='bbox 499 3661 557 3728; x_wconf 89' lang='lat' dir='ltr'><strong>loci</strong></span> <span class='ocrx_word' id='word_1_226' title='bbox 579 3663 696 3743; x_wconf 81' lang='lat' dir='ltr'><strong>partim</strong></span> <span class='ocrx_word' id='word_1_227' title='bbox 719 3667 827 3728; x_wconf 82' lang='lat' dir='ltr'><strong>nostro</strong></span> <span class='ocrx_word' id='word_1_228' title='bbox 859 3662 977 3743; x_wconf 86' lang='lat' dir='ltr'><strong>partim</strong></span> <span class='ocrx_word' id='word_1_229' title='bbox 1004 3661 1076 3729; x_wconf 83' lang='lat' dir='ltr'><strong>aliis</strong></span> <span class='ocrx_word' id='word_1_230' title='bbox 1103 3660 1343 3743; x_wconf 86' lang='lat' dir='ltr'><strong>Epimenidibus</strong></span> 
     </span>
     <span class='ocr_line' id='line_1_31' title="bbox 182 3771 728 3856; baseline -0.015 -18"><span class='ocrx_word' id='word_1_231' title='bbox 182 3822 185 3828; x_wconf 87' lang='lat'><strong>.</strong></span> <span class='ocrx_word' id='word_1_232' title='bbox 246 3771 456 3838; x_wconf 86' lang='lat' dir='ltr'><strong>attribuendi:</strong></span> <span class='ocrx_word' id='word_1_233' title='bbox 726 3851 728 3856; x_wconf 23' lang='grc' dir='ltr'>Ι</span> 
     </span>
    </p>

    <p class='ocr_par' dir='ltr' id='par_1_12' title="bbox 246 3862 1345 4184">
     <span class='ocr_line' id='line_1_32' title="bbox 345 3862 1344 3965; baseline -0.005 -21"><span class='ocrx_word' id='word_1_234' title='bbox 345 3879 397 3961; x_wconf 87' lang='grc'><strong><em>11)</em></strong></span> <span class='ocrx_word' id='word_1_235' title='bbox 421 3877 607 3946; x_wconf 82' lang='lat' dir='ltr'><strong>Aristoteles</strong></span> <span class='ocrx_word' id='word_1_236' title='bbox 636 3871 975 3965; x_wconf 74' lang='grc' dir='ltr'><strong><em>Ροιῑι.11,6;ημὲι</em></strong></span> <span class='ocrx_word' id='word_1_237' title='bbox 1007 3862 1065 3941; x_wconf 78' lang='grc' dir='ltr'><strong><em>οὖν</em></strong></span> <span class='ocrx_word' id='word_1_238' title='bbox 1090 3871 1137 3954; x_wconf 82' lang='grc' dir='ltr'><strong><em>εἰς</em></strong></span> <span class='ocrx_word' id='word_1_239' title='bbox 1167 3875 1277 3942; x_wconf 81' lang='grc' dir='ltr'><strong><em>πᾶσαν</em></strong></span> <span class='ocrx_word' id='word_1_240' title='bbox 1304 3871 1344 3963; x_wconf 81' lang='grc' dir='ltr'><strong><em>ἡ·</em></strong></span> 
     </span>
     <span class='ocr_line' id='line_1_33' title="bbox 246 3976 1345 4076; baseline -0.002 -22"><span class='ocrx_word' id='word_1_241' title='bbox 246 3987 348 4076; x_wconf 88' lang='grc' dir='ltr'><strong><em>μέραν</em></strong></span> <span class='ocrx_word' id='word_1_242' title='bbox 369 3990 580 4073; x_wconf 86' lang='grc' dir='ltr'><strong><em>συνεστηκυῖα</em></strong></span> <span class='ocrx_word' id='word_1_243' title='bbox 603 3984 755 4052; x_wconf 85' lang='grc' dir='ltr'><strong><em>κοινωνία</em></strong></span> <span class='ocrx_word' id='word_1_244' title='bbox 777 3976 867 4063; x_wconf 78' lang='grc' dir='ltr'><strong><em>οἶκός</em></strong></span> <span class='ocrx_word' id='word_1_245' title='bbox 888 3983 984 4068; x_wconf 90' lang='grc' dir='ltr'><strong><em>έστιν,</em></strong></span> <span class='ocrx_word' id='word_1_246' title='bbox 1007 3977 1063 4062; x_wconf 72' lang='grc' dir='ltr'><strong><em>οὓς</em></strong></span> <span class='ocrx_word' id='word_1_247' title='bbox 1085 3979 1265 4068; x_wconf 86' lang='grc' dir='ltr'><strong><em>Χαρώνδας</em></strong></span> <span class='ocrx_word' id='word_1_248' title='bbox 1282 3984 1345 4069; x_wconf 84' lang='grc' dir='ltr'><strong><em>μέν</em></strong></span> 
     </span>
     <span class='ocr_line' id='line_1_34' title="bbox 249 4088 1217 4184; baseline -0.001 -22"><span class='ocrx_word' id='word_1_249' title='bbox 249 4097 342 4164; x_wconf 89' lang='grc' dir='ltr'><strong><em>καλεῖ</em></strong></span> <span class='ocrx_word' id='word_1_250' title='bbox 365 4092 582 4182; x_wconf 86' lang='grc' dir='ltr'><strong><em>ὁμοκάπνους,</em></strong></span> <span class='ocrx_word' id='word_1_251' title='bbox 603 4088 807 4182; x_wconf 85' lang='grc' dir='ltr'><strong><em>Ἐπιμενίδης</em></strong></span> <span class='ocrx_word' id='word_1_252' title='bbox 829 4094 864 4160; x_wconf 85' lang='grc' dir='ltr'><strong><em>δέ</em></strong></span> <span class='ocrx_word' id='word_1_253' title='bbox 887 4088 905 4160; x_wconf 86' lang='grc' dir='ltr'>ὁ</span> <span class='ocrx_word' id='word_1_254' title='bbox 931 4089 1020 4184; x_wconf 76' lang='grc' dir='ltr'><strong><em>Κρὴς</em></strong></span> <span class='ocrx_word' id='word_1_255' title='bbox 1038 4088 1217 4177; x_wconf 85' lang='grc' dir='ltr'><strong><em>ὁμοπόους.</em></strong></span> 
     </span>
    </p>

    <p class='ocr_par' dir='ltr' id='par_1_13' title="bbox 247 4203 1339 4402">
     <span class='ocr_line' id='line_1_35' title="bbox 297 4203 1339 4290; baseline -0.01 -14"><span class='ocrx_word' id='word_1_256' title='bbox 297 4269 300 4276; x_wconf 90' lang='grc'><em>.</em></span> <span class='ocrx_word' id='word_1_257' title='bbox 351 4207 402 4290; x_wconf 81' lang='grc'><strong><em>12)</em></strong></span> <span class='ocrx_word' id='word_1_258' title='bbox 426 4206 548 4274; x_wconf 86' lang='lat' dir='ltr'><strong>Scholia</strong></span> <span class='ocrx_word' id='word_1_259' title='bbox 570 4206 610 4272; x_wconf 87' lang='lat' dir='ltr'><strong><em>ad</em></strong></span> <span class='ocrx_word' id='word_1_260' title='bbox 630 4206 759 4273; x_wconf 87' lang='lat' dir='ltr'><strong>Pindari</strong></span> <span class='ocrx_word' id='word_1_261' title='bbox 783 4203 955 4282; x_wconf 82' lang='lat'><strong>01.1127,</strong></span> <span class='ocrx_word' id='word_1_262' title='bbox 987 4206 1156 4286; x_wconf 82' lang='lat' dir='ltr'><strong>postquam</strong></span> <span class='ocrx_word' id='word_1_263' title='bbox 1188 4204 1339 4270; x_wconf 86' lang='lat' dir='ltr'><strong>tredecim</strong></span> 
     </span>
     <span class='ocr_line' id='line_1_36' title="bbox 247 4302 1339 4402; baseline -0.007 -18"><span class='ocrx_word' id='word_1_264' title='bbox 247 4317 333 4402; x_wconf 85' lang='lat' dir='ltr'><strong>proci</strong></span> <span class='ocrx_word' id='word_1_265' title='bbox 345 4317 384 4384; x_wconf 88' lang='lat' dir='ltr'><strong><em>ab</em></strong></span> <span class='ocrx_word' id='word_1_266' title='bbox 392 4316 551 4386; x_wconf 85' lang='lat' dir='ltr'><strong>Oenomao</strong></span> <span class='ocrx_word' id='word_1_267' title='bbox 560 4315 717 4383; x_wconf 85' lang='lat' dir='ltr'><strong>interfecti</strong></span> <span class='ocrx_word' id='word_1_268' title='bbox 725 4313 899 4381; x_wconf 85' lang='lat' dir='ltr'><strong>enumerati</strong></span> <span class='ocrx_word' id='word_1_269' title='bbox 911 4317 1006 4382; x_wconf 85' lang='lat' dir='ltr'><strong>aunt:</strong></span> <span class='ocrx_word' id='word_1_270' title='bbox 1026 4308 1133 4400; x_wconf 81' lang='grc' dir='ltr'><strong><em>τούτῳ</em></strong></span> <span class='ocrx_word' id='word_1_271' title='bbox 1145 4314 1192 4399; x_wconf 78' lang='grc' dir='ltr'><strong><em>τῷ</em></strong></span> <span class='ocrx_word' id='word_1_272' title='bbox 1203 4302 1339 4399; x_wconf 76' lang='grc' dir='ltr'><strong><em>δριθμῷ</em></strong></span> 
     </span>
    </p>
   </div>
   <div class='ocr_carea' id='block_1_5' title="bbox 0 0 1520 5086">
    <p class='ocr_par' dir='ltr' id='par_1_14' title="bbox 0 0 1520 5086">
     <span class='ocr_line' id='line_1_37' title="bbox 0 0 1520 5086; baseline 0 1"><span class='ocrx_word' id='word_1_273' title='bbox 0 0 1520 5086; x_wconf 95' lang='lat' dir='ltr'><strong><em> </em></strong></span> 
     </span>
    </p>
   </div>
  </div>
 </body>
</html>
