3032 5086
622 487 656 541 53

180 654 262 720 lam
290 674 361 722 eum
394 656 474 722 scias
495 654 579 721 unde
601 658 705 721 certus
736 655 790 722 ille
811 674 961 738 numerus
985 662 1075 724 ortus
1095 658 1137 735 sit
1157 659 1190 724 in

91 764 278 829 memoriam
298 765 355 830 tibi
378 782 497 843 revoco,
520 765 636 832 similes
653 763 779 830 fabulas
795 765 860 832 iam
872 764 1031 848 Sophoclis
1048 771 1191 849 tempore

89 874 233 939 omnium
266 875 298 938 in
329 866 383 940 ore
403 873 509 940 fuisse.
551 875 680 941 Orestes
712 873 837 955 quidem
866 874 899 940 in
921 874 1048 942 Electra
1080 875 1207 943 fabula·

89 1002 116 1048 v.
141 985 220 1047 62-
228 985 277 1061 64,
314 1001 393 1064 quos
418 1000 526 1049 versus
546 982 706 1049 Wecklein
738 988 775 1048 ut
807 981 904 1049 falsas
935 983 1046 1050 eiicere
1077 983 1188 1066 voluit,

89 1074 178 1169 dieii,
200 1077 263 1156 iam
286 1094 412 1174 saepius
436 1091 604 1159 sevidisse
626 1091 767 1158 homines
791 1091 858 1157 sine
880 1111 976 1158 causa
1003 1093 1042 1158 de
1067 1094 1189 1174 sapien·

88 1201 174 1266 tium
196 1206 297 1266 morte
318 1201 466 1268 dicentes.
510 1201 629 1279 Quibus
651 1201 786 1296 domum
800 1201 936 1266 reversis
958 1205 1070 1283 postea
1090 1204 1190 1278 multo

88 1311 229 1376 maiores
249 1309 383 1377 honores
406 1311 540 1376 tributos
562 1329 641 1378 esse.
685 1310 772 1376 Haeo
799 1308 896 1374 verba
917 1331 936 1376 a
959 1309 1135 1378 scholiastis
1158 1316 1191 1378 et

87 1419 310 1503 grammaticis
342 1418 382 1484 ad
412 1418 588 1484 Zalmolnin
622 1422 653 1484 et
674 1418 890 1502 Pythagoram
922 1418 1116 1501 referuntur,
1149 1421 1189 1486 si·
1236 1485 1238 1488 .

16 1509 18 1582 ἱ
88 1527 244 1609 milesque
272 1527 396 1594 fabulas
428 1528 524 1593 etiam
546 1527 725 1593 Herodotus
746 1527 790 1592 IV
824 1532 864 1591 14
885 1533 917 1594 et
939 1532 978 1592 95
1004 1528 1043 1594 de
1064 1528 1190 1596 Aristea

86 1642 120 1702 et
142 1635 302 1714 Zalmolxi
328 1637 447 1702 narrat.
496 1635 651 1702 Fabulam
678 1640 784 1702 autem
816 1637 854 1702 de
876 1635 1059 1718 Epimenide
1080 1656 1189 1706 narra·

16 1759 18 1774 ¹
87 1751 157 1810 tam
182 1735 228 1810 eu*
243 1746 336 1811 simili
357 1745 469 1811 fraude
491 1749 588 1826 atque
619 1732 708 1811 illam
733 1763 827 1826 quam
850 1745 889 1809 de
910 1747 1064 1811 Zalmolxi
1089 1746 1188 1814 Hero·

87 1853 187 1921 dotus
208 1859 319 1920 narrat
346 1855 555 1936 interpretari,
593 1859 629 1919 ut
656 1853 918 1935 simplicissimum
941 1872 977 1919 ao
1005 1853 1190 1920 facillimum

86 1968 145 2042 est,
173 1963 217 2029 ita
239 1962 321 2027 idem
344 1962 594 2032 iniustissimum.
639 1959 702 2026 Cur
724 1963 805 2054 enim
829 1981 887 2028 neo
907 1963 1110 2046 Pythagorae
1132 1983 1189 2030 neo
1256 1989 1260 1998 *

87 2070 205 2137 Garolo
227 2071 352 2153 Magno,
385 2070 533 2153 quicquid
561 2072 599 2138 de
622 2071 684 2136 illis
706 2077 870 2137 narratum
890 2067 951 2152 est‚‘
980 2072 1188 2155 imputamus:

16 2251 17 2268 ἶ
88 2180 309 2264 Epimenidem
332 2183 369 2246 nt
382 2186 541 2247 auctorem
557 2182 695 2246 omnium
716 2197 798 2263 quae
819 2199 958 2261 unquam
981 2182 1019 2247 de
1040 2197 1077 2246 eo
1099 2181 1189 2248 fabn·
1300 2209 1302 2212 ·

16 2273 18 2316 1
87 2290 148 2356 lati
173 2295 247 2355 sunt
270 2289 541 2370 vituperabimus?

192 2398 274 2464 Nam
309 2399 372 2463 alia
401 2399 498 2463 etiam
531 2396 642 2464 fabula
672 2397 740 2464 eius
770 2399 887 2463 nomini
922 2389 1075 2480 adhaesit,
1107 2399 1190 2465 unde

880 2648 956 2703 vitae
1063 2650 1154 2704 somni

88 2742 218 2798 Valerius
235 2743 310 2799 Max.
322 2743 516 2816 (Theopomp.)
537 2785 794 2799 ........
891 2746 943 2799 157
1082 2747 1118 2800 57

88 2839 183 2895 Laert.
203 2840 284 2911 Diog.
304 2840 318 2894 I
338 2841 390 2895 109
431 2881 793 2895 ...........
1082 2841 1118 2896 57

88 2935 218 3007 Phlegon
243 2999 246 3007 s
252 2976 473 2990 .......
493 2995 497 3002 ,
503 2976 795 2991 .........
891 2939 941 2994 157

16 3007 17 3056 ³
90 3031 218 3088 audacia
235 3050 262 3103 p.
276 3033 328 3088 nso
360 3073 794 3087 .............
890 3035 941 3088 777
1084 3034 1117 3090 77

16 3189 17 3204 ι
87 3112 197 3183 Plinius
214 3127 422 3186 7777777777
432 3169 795 3183 ...........
889 3124 942 3185 777
1084 3131 1117 3186 77

47 3223 53 3236 ·
200 3223 236 3278 m.
336 3227 440 3294 7777.
469 3266 475 3278 .
504 3208 539 3278 .’
540 3265 795 3279 ........
891 3225 942 3279 777

90 3320 255 3389 Apollonius
293 3360 796 3377 ...............
891 3320 944 3376 150
1083 3323 1118 3376 57

90 3417 218 3488 Append.
236 3417 298 3473 Vat.
317 3417 394 3472 Gent.
413 3417 528 3488 (Theop.
548 3418 582 3472 fr.
602 3418 647 3488 69)
681 3459 687 3472 .
716 3458 722 3472 .
753 3459 759 3470 .
788 3457 795 3472 .
891 3417 942 3472 157
1101 3420 1118 3470 7
1163 3471 1165 3478 ,

93 3512 548 3591 87717177.........τ
578 3554 797 3568 .......
894 3514 946 3568 150
1046 3514 1119 3572 ’.60

16 3605 18 3714 l
94 3609 187 3666 sanor.
205 3609 321 3664 nuaram
339 3609 473 3665 rimone
507 3651 796 3676 .........
909 3587 914 3598 '
1084 3607 1119 3662 eo

16 3719 18 3778 l
90 3706 361 3760 Ρ1771.77777771717.
381 3705 510 3761 717112
539 3746 793 3760 ........
1003 3779 1004 3784 ¹
1084 3705 1119 3759 50

91 3801 225 3856 Ausonius
244 3801 287 3857 ed.
307 3801 384 3856 Wala
402 3821 429 3872 p.
439 3805 491 3857 239
503 3841 793 3857 .........
891 3802 941 3856 150
1101 3803 1118 3854 6
1218 3832 1220 3837 -

92 3897 208 3969 Gregor.
228 3898 310 3969 Gypr.
330 3899 399 3954 Cant
409 3901 435 3954 11
447 3903 481 3954 23
502 3939 792 3955 .........
1083 3897 1118 3952 50

91 3993 793 4066 VarroL.L.VIIp.80Bip.........
1081 3996 1116 4048 50

91 4089 278 4146 Tertullianus
296 4093 330 4147 de
348 4091 439 4146 anima
457 4094 492 4145 44
504 4133 793 4147 .........
978 4105 1065 4159 paena
1083 4089 1117 4144 50

91 4188 241 4244 Pausanias
260 4188 368 4274 ¹¹4&
391 4231 454 4270 a..
468 4231 474 4244 .
491 4221 545 4252 ,ψ
575 4230 793 4244 .......
997 4185 1070 4240 71777
1082 4186 1117 4241 50

91 4283 226 4340 naama
244 4259 419 4355 naahas.
440 4287 481 4340 77.
500 4285 721 4358 (insanusne).
750 4327 757 4339 .
786 4326 792 4339 .
982 4283 1027 4350 aa
1046 4275 1134 4352 συχνά

91 4381 171 4438 Prov.
190 4381 273 4438 07171.
290 4384 344 4437 209
359 4423 792 4439 .............
1099 4380 1116 4435 6
