3032 5086
827 503 863 558 48

297 669 424 750 dixisse,
446 670 537 737 cuius
558 669 603 735 rei
625 667 778 737 memoria
799 671 896 736 etiam
916 671 949 736 in
964 671 1156 755 Argivorum
1176 672 1295 740 tabulis
1315 691 1393 741 corn·

295 785 389 860 paret
410 784 492 846 teste
515 777 673 843 Pausania
696 778 728 842 II
751 781 803 860 21,
826 782 853 844 3.
889 777 1029 862 Egregia
1051 781 1151 846 estin
1172 781 1280 847 Loert.
1304 783 1394 862 Diog.

244 946 248 954 .
296 885 444 952 Urlichsii
466 888 657 966 coniectura,
679 885 733 969 qni
756 905 813 968 pro
835 885 943 972 Κρησί
964 888 1072 954 scribit
1093 887 1185 974 φησί,
1207 909 1280 956 cum
1302 896 1395 957 antea

295 994 426 1076 intelligi
462 1012 523 1058 non
555 993 708 1075 potuerit,
742 1012 836 1075 quam
874 995 913 1060 ob
953 1014 1019 1062 rem
1060 995 1206 1065 cratibus
1239 997 1394 1065 Lacedae-

297 1104 471 1170 moniorum
504 1102 627 1169 cladem
659 1103 862 1186 praedixerit.
921 1105 1000 1172 Erdt
1034 1107 1236 1187 Epimenides
1259 1106 1394 1190 Spartae

295 1214 378 1279 circa
399 1217 524 1294 tempus
545 1211 679 1278 infelicis
701 1212 787 1277 illius
810 1212 892 1295 belli,
923 1230 986 1294 quo
1009 1214 1250 1292 Lacedaemonii
1272 1217 1316 1282 ab
1337 1218 1394 1281 Ar·

295 1323 425 1390 cedibus
457 1341 555 1406 prope
585 1323 723 1404 Tegeam
753 1321 814 1388 iusi
846 1320 1013 1404 fugatique
1044 1328 1126 1402 sunt,
1160 1325 1199 1389 de
1232 1343 1296 1407 quo
1330 1329 1393 1390 tam

296 1449 399 1512 pauca
430 1432 545 1498 scimus
576 1436 613 1497 ut
640 1405 802 1498 oraculum
825 1432 865 1497 ad
895 1433 983 1498 illam
1006 1435 1108 1516 ipsam
1141 1434 1261 1500 cladem
1284 1431 1394 1500 referri

296 1542 448 1607 coniicere
467 1558 528 1606 non
550 1541 644 1606 liceat
659 1538 697 1623 ¹).

377 1648 424 1714 E
448 1649 567 1716 talibus
599 1647 734 1715 oraculis
765 1647 896 1716 forsitan
929 1656 1039 1730 postea
1070 1651 1158 1732 liber,
1191 1653 1242 1716 cui
1279 1669 1393 1718 nomen

295 1764 365 1824 erat
386 1755 536 1843 χρησμοί,
558 1763 684 1824 coactus
706 1758 755 1835 sit,
779 1774 872 1838 quern
895 1757 1106 1840 Hieronymus
1120 1760 1157 1840 ²),
1179 1757 1330 1826 Socrates
1349 1757 1393 1822 111

300 1871 354 1947 16,
383 1871 432 1948 24,
464 1866 659 1948 Nicephorus
690 1864 865 1932 CallistiX
902 1869 942 1928 26
976 1867 1084 1933 dicunt
1116 1868 1217 1932 Paulo
1252 1866 1394 1949 apostolo

296 1981 406 2041 notum
427 1972 534 2054 fuisse,
558 1975 611 2055 qui
633 1973 709 2041 dicit
729 1974 761 2040 in
784 1973 917 2055 epistola
938 1975 978 2040 ad
994 1975 1100 2042 Titum
1125 1977 1140 2041 I
1164 1978 1215 2040 12:
1237 1967 1326 2040 Εἰπέ
1346 1997 1394 2051 τις

296 2081 334 2165 ἐξ
350 2074 458 2149 αὐτῶν
479 2075 564 2161 ἴδιος
579 2074 687 2147 αὐτῶν
708 2077 892 2171 προφήτης·
914 2085 1045 2168 Κρῆτες
1062 2073 1117 2148 cici
1137 2085 1288 2167 ψεῦσται,
1313 2077 1394 2148 κακὰ

297 2189 411 2277 θηρία,
432 2189 583 2275 γαστέρες
603 2180 707 2274 ἀργαί.
750 2191 799 2256 Ad
820 2192 904 2257 hunc
925 2209 1050 2257 versum
1077 2192 1140 2256 iam
1162 2193 1276 2257 alludit
1300 2192 1394 2260 calli-

295 2301 440 2381 machus,
469 2299 575 2382 hymn.
597 2300 627 2363 in
651 2300 715 2364 lov.
738 2302 767 2379 6,
798 2299 852 2365 sed
882 2299 1010 2364 dubium
1037 2304 1086 2366 est
1115 2319 1189 2364 num
1212 2301 1341 2366 omnino
1363 2301 1393 2364 in

295 2410 435 2474 carmine
456 2407 632 2488 Epimenidi
664 2407 785 2473 tributo
815 2405 922 2491 fuerit,
953 2427 1023 2474 cum
1051 2408 1147 2473 etiam
1174 2408 1393 2492 Hieronymus,

296 2534 390 2598 quem
413 2516 559 2582 Socrates
585 2520 619 2582 et
641 2514 836 2598 Nicephorus
866 2521 1049 2597 sequuntur,
1079 2513 1192 2582 librum
1213 2518 1305 2582 illum
1328 2518 1394 2598 ipsc

295 2646 358 2693 non
379 2628 539 2708 legerim).
582 2628 695 2707 Itaque
717 2627 881 2692 diiudicari
903 2627 1021 2709 nequit,
1048 2630 1155 2713 utrum
1180 2627 1246 2707 ipse
1266 2624 1393 2709 Epime-

295 2737 385 2803 nides
416 2737 542 2801 illorum
570 2737 768 2801 oraculorum
796 2742 907 2801 auctor
941 2735 1037 2802 fuerit
1068 2753 1109 2800 an
1142 2734 1198 2800 illa
1221 2735 1394 2816 composita

295 2846 358 2912 sint
378 2847 419 2912 ab
442 2845 513 2912 aliis
543 2851 581 2911 ut
610 2843 695 2910 dicto
716 2844 841 2910 Bacidis
862 2844 985 2909 Musaei
1007 2843 1150 2908 aliorum.
1195 2843 1260 2924 Ipsi
1282 2848 1389 2909 autem

294 2953 399 3020 deberi
418 2973 465 3032 ea
488 2970 571 3034 quae
593 2949 727 3034 sportae
747 2951 786 3016 ab
809 2950 1223 3034 ephorisccustodiebantur,
1254 2952 1322 3016 veri
1345 2955 1392 3017 est

294 3063 496 3130 simillimum.
1134 3145 1136 3152 Ι

392 3170 540 3251 Plerique
561 3170 659 3252 igitur
679 3173 821 3235 veterum
840 3169 1028 3250 scriptorum
1047 3169 1141 3233 aliter
1162 3168 1202 3232 de
1223 3165 1290 3230 eius
1313 3165 1393 3231 divi·

294 3280 420 3344 natione
445 3278 585 3342 iudicant
606 3281 703 3357 atque
724 3277 920 3344 Aristotelea.
958 3275 1065 3342 Cicero
1088 3275 1211 3357 quidem
1235 3274 1275 3338 de
1296 3273 1391 3340 divin.

293 3387 380 3466 118,
408 3389 447 3450 34
468 3404 541 3450 eum
562 3385 600 3450 iis
628 3384 752 3450 vatibus
785 3386 982 3463 adnumerat,
1014 3384 1067 3466 qui
1099 3402 1160 3448 non
1191 3383 1316 3448 ratione
1339 3385 1394 3468 aut

295 3495 474 3560 coniectura
496 3495 672 3590 observatis
693 3513 730 3560 ac
751 3493 869 3560 notatis
891 3494 988 3574 signis
1009 3493 1063 3559 sed
1087 3492 1293 3558 concitatione
1316 3509 1391 3572 qua·
1414 3527 1416 3531 ·

349 3744 352 3751 ,
394 3697 421 3762 1)
439 3692 569 3746 Dnncker
587 3690 624 3748 IV
636 3695 688 3748 367
699 3709 741 3761 sq.
1227 3719 1228 3726 ¹

391 3788 421 3860 2)
441 3789 660 3842 Commentarius
678 3789 707 3842 in
727 3787 872 3857 epistolam
890 3787 926 3842 ad
940 3786 1056 3842 Titumi
1071 3789 1103 3840 12
1121 3804 1149 3856 p.
1161 3788 1221 3842 706.
1240 3785 1327 3840 Teme
1341 3765 1391 3840 'vll

292 3904 320 3956 p.
329 3887 381 3941 606
392 3885 419 3939 O.
438 3884 481 3942 ed.
499 3884 602 3955 Migne.
638 3884 671 3938 ln
694 3885 841 3954 epistolam
863 3883 899 3939 ad
917 3882 1029 3939 Galatas
1049 3884 1115 3938 1111
1135 3902 1162 3953 p.
1171 3883 1232 3936 416.
1251 3899 1278 3952 p.
1291 3885 1346 3937 372
1355 3883 1388 3936 Α.

292 3981 325 4036 In
343 3981 424 4051 epist.
445 3981 480 4034 ad
498 3981 633 4051 Ephesios
651 3979 726 4035 v14.
744 3997 772 4050 p.
783 3982 836 4036 558
846 3981 877 4034 B.

392 4076 420 4148 3)
439 4076 624 4147 Hieronymus
641 4076 670 4131 in
689 4093 731 4147 ep.
751 4077 786 4131 ad
804 4076 858 4131 Tit.
873 4074 949 4130 112:
967 4075 1103 4132 Dicitur
1121 4080 1213 4132 autem
1231 4076 1285 4131 iste
1303 4077 1389 4131 versi-

292 4173 370 4228 culus
386 4173 416 4226 in
433 4173 608 4244 Epimenidis
631 4172 770 4227 Cretensis
791 4175 890 4242 poetae
915 4172 1033 4227 oraculis
1055 4172 1175 4227 inveniri
1203 4176 1256 4227 etc.
1294 4171 1388 4228 Hoeck

289 4270 332 4324 111
339 4270 460 4324 accnot.
473 4287 495 4325 2.
514 4286 628 4339 operam
647 4269 695 4323 dat
713 4271 745 4322 ut
766 4267 946 4334 demonstret,
963 4267 1137 4339 Epimenidis
1146 4272 1271 4338 tempore
1289 4267 1387 4323 Cretes

293 4367 415 4423 nondum
432 4372 490 4423 tam
509 4368 655 4423 mendaces
674 4367 765 4424 fuisse.
855 4443 902 4472 a„
