3032 5086
685 473 702 572 {³
773 471 776 478 .

142 644 268 712 ensibus
289 650 326 711 ut
347 647 393 711 ita
413 645 513 711 dicam
535 644 650 712 fabulis
666 645 770 712 locum
792 648 893 711 tenet:
915 646 1044 710 nomina
1066 646 1240 711 multorum

142 756 281 819 virorum
302 754 427 834 laudat,
463 774 541 838 quos
567 759 603 820 ut
624 755 766 820 homines
787 755 936 821 obscuros
959 758 1033 819 ante
1055 771 1128 818 eum
1149 771 1239 818 nemo
1263 837 1266 842 Ι

140 863 327 944 nominavit,
362 882 420 930 nec
446 865 574 930 dubitat
600 881 749 929 enarrare
786 862 913 929 nomina
938 863 1048 944 viginti
1083 860 1240 927 Lacedae·

140 971 333 1053 moniorum5
369 990 448 1053 quos
481 973 644 1055 Lycurgus
670 973 703 1036 in
732 970 835 1036 iorum
865 971 972 1036 uenire
1001 969 1179 1051 iusseratl),
1203 974 1240 1035 ut

140 1085 290 1157 accurata
310 1083 493 1147 narratione
515 1081 687 1163 legentium
709 1081 829 1146 animos
852 1081 1004 1146 delectet·
1042 1068 1240 1160 Itaque-non

141 1187 250 1254 dubito
262 1189 337 1272 quin
350 1190 456 1256 Niciae
469 1208 593 1272 nomen,
608 1188 821 1272 filiiNicerati‚
837 1207 930 1269 aquo
941 1190 1046 1254 Laert.
1059 1189 1172 1270 Diog.I
1182 1192 1240 1252 110

142 1301 254 1362 narrat
270 1297 487 1380 Epimenidem
500 1298 641 1364 Athenas
656 1298 935 1382 arcessitum-esse,
956 1296 1093 1378 finxerit,
1116 1297 1241 1363 nomine

143 1404 369 1486 religiosissimi
393 1399 478 1473 illius
511 1409 599 1475 ducis
622 1427 707 1486 usus,
731 1408 782 1488 qui
805 1407 886 1473 ballo
915 1406 1179 1489 Peloponnesiaco
1211 1405 1243 1466 in

98 1501 101 1506 ’
140 1511 247 1579 Sicilia
277 1518 422 1582 mortuus
451 1521 507 1582 est.
565 1516 749 1583 Callimachi
779 1517 922 1598 magistri
949 1513 1089 1592 πίνακας
1114 1516 1180 1578 τῶν
1208 1511 1242 1578 ἐν
1352 1555 1354 1560 -

139 1615 231 1708 πάσῃ
246 1623 381 1710 παιδείᾳ
394 1617 661 1709 διαλαμψάντων,
685 1642 762 1706 quos
774 1625 829 1689 ille
842 1625 931 1690 libris
946 1630 1071 1691 centum
1087 1629 1119 1690 et
1131 1623 1242 1704 viginti

141 1731 327 1813 composuit,
354 1733 385 1798 in
408 1751 565 1817 eosquos
588 1735 654 1817 ipse
677 1734 804 1815 scripsit
826 1723 954 1818 recepit,
977 1751 1034 1799 nec
1055 1733 1158 1798 minus
1181 1732 1241 1815 ipsi

143 1839 252 1906 deberi
263 1858 301 1904 ea
312 1858 394 1921 quae
405 1842 630 1924 Laert.Diog.l
648 1846 706 1906 115
719 1861 736 1906 e
747 1841 923 1925 Myroniani
936 1841 1128 1908 Amastriani
1149 1840 1241 1920 libro,

141 1947 196 2028 qui
217 1946 398 2013 inscribitur
419 1943 545 2032 ὁμοίων
566 1944 739 2032 ἱστορικῶν
761 1939 924 2036 ’κεφάλαια
946 1949 1051 2029 affert,
1084 1949 1241 2033 cognosci·

140 2075 252 2124 muse
279 2059 347 2125 loco
381 2060 518 2139 quodam
545 2061 707 2128 Plutarchi
716 2061 752 2145 2).
796 2061 832 2124 In
861 2061 980 2128 incerto
1009 2067 1116 2127 autem
1146 2060 1240 2125 relin·
1323 2086 1326 2095 ·

122 2173 125 2184 '
142 2166 276 2247 quimus,
300 2186 376 2233 num
397 2168 591 2252 Theopompi
611 2175 643 2234 et
663 2169 783 2236 Timaei
805 2169 901 2236 libros
923 2170 1124 2250 expresserit.

242 2273 379 2340 Maxime
401 2259 475 2352 uero
496 2277 660 2358 proprium
679 2275 761 2341 illud
777 2277 940 2360 Hermippi
962 2277 993 2340 in
1016 2277 1148 2343 historia
1170 2267 1242 2342 conss

142 2382 309 2449 scribenda
326 2384 465 2449 studium
488 2385 592 2449 elucet
612 2385 643 2448 in
665 2383 779 2450 fabulis
801 2389 921 2466 septem
945 2387 1137 2467 sapientium
1156 2386 1241 2452 colli·
1355 2440 1358 2450 ,

141 2491 252 2574 gendis
274 2498 307 2556 et
330 2492 518 2571 excolendis,
543 2510 623 2574 qnos
645 2495 707 2558 iam
724 2492 870 2574 Ephorus
892 2495 994 2575 magis
1016 2511 1111 2574 quam
1135 2495 1243 2561 debuit

141 2606 337 2683 respexerat.
390 2601 608 2682 Epimenidem
641 2603 687 2668 ait
713 2605 777 2669 iam
810 2603 957 2668 remediis
988 2603 1080 2668 famis
1112 2603 1244 2684 sitisque

144 2710 311 2793 pellendae
331 2711 421 2794 uti⁸)‚
447 2715 481 2777 ot
500 2711 651 2792 epistolas
682 2717 740 2778 aut
769 2714 808 2778 ab
838 2714 903 2794 ipso
931 2717 989 2778 aut
1016 2732 1036 2778 a
1065 2711 1243 2778 rhetoribus

142 2819 211 2884 eius
232 2819 348 2885 aetatis
368 2819 506 2902 scriptas
527 2821 560 2885 in
583 2821 665 2888 vitas
688 2823 816 2902 recepit,
839 2827 991 2901 tanquam
1008 2840 1027 2886 a
1046 2821 1243 2901 sapientibus

144 2931 256 2994 mutuo
277 2928 359 2994 inter
382 2929 466 3010 ipsos
487 2931 672 2996 commercio
696 2931 812 2996 missae
833 2931 905 2996 sint.
943 2930 1034 2996 Unde
1054 2934 1150 2996 natae
1170 2935 1244 2996 sunt

123 3027 216 3100 'illae
238 3035 426 3118 sapientium
455 3035 611 3102 amicitiae
640 3037 679 3102 de
700 3037 823 3118 ouibus
851 3043 979 3121 praeter
999 3037 1149 3120 epistolas
1176 3039 1244 3119 ipse
1279 3063 1282 3070 ¹

147 3145 227 3212 nihil
247 3147 407 3228 exposuit,
440 3165 510 3212 cum
533 3165 589 3213 nec
616 3149 647 3212 in
673 3147 796 3215 Solonis
825 3167 882 3216 nec
905 3147 936 3213 in
960 3149 1157 3231 Epimenidis
1179 3150 1244 3215 vita

141 3254 316 3321 Laertiaua
337 3255 423 3321 aliud
446 3256 528 3322 illius
550 3258 597 3322 rei
618 3259 786 3340 vestigium
810 3256 960 3323 invenias.
998 3257 1065 3322 Has
1079 3257 1243 3338 Hermippi

143 3363 227 3428 vitas
248 3365 406 3443 expressit
416 3364 609 3430 Plutarchus
623 3367 655 3430 in
670 3366 737 3431 vita
748 3365 872 3432 Solonis
894 3365 1128 3442 conscribenda,
1153 3364 1243 3431 cuius

139 3470 193 3536 ille
214 3477 343 3553 praeter
363 3471 532 3554 Didymum
553 3491 635 3538 unus
661 3475 787 3539 videtur
814 3473 886 3540 fons
915 3491 993 3539 esse.
1038 3473 1117 3538 (lum
1143 3474 1243 3555 igitur

141 3577 229 3644 initio
260 3578 372 3662 capitis
399 3579 462 3644 Xll
488 3580 567 3646 duee
597 3581 760 3664 Hermippi
786 3581 851 3646 vita
881 3580 1015 3647 Solones
1048 3581 1087 3647 de
1116 3580 1243 3660 Cylonio

143 3687 266 3754 scelere
299 3692 333 3754 et
355 3689 649 3757 Alcmaeonidarum
677 3690 775 3778 exilio
808 3689 940 3768 dixerit,
971 3695 1003 3757 et
1023 3691 1107 3755 inter
1129 3675 1244 3770 civium

142 3794 333 3864 discordiam
368 3798 518 3865 Nisseam
550 3805 582 3864 et
613 3799 774 3866 Salamina
802 3819 821 3864 a
848 3799 1086 3883 Megarensibus
1117 3802 1243 3879 captam

142 3924 213 3973 esse
242 3907 435 3988 narraverit,
467 3908 500 3973 in
532 3914 671 3976 mentem
704 3909 731 3974 el
763 3909 851 3976 veuit
870 3929 890 3975 a
911 3907 1101 3990 quibusdam
1135 3923 1241 3970 rerum

144 4068 342 4078 -—-...—.

243 4155 268 4224 1)
287 4154 432 4211 Plutarchi
449 4139 638 4226 Lycurgusd.
658 4175 685 4227 p.
697 4159 741 4226 83,
753 4156 795 4213 16.

242 4251 271 4321 2)
287 4250 371 4306 Solon
387 4270 414 4321 p.
429 4253 489 4316 165,
503 4253 546 4308 20.

243 4351 271 4420 3)
289 4350 323 4406 fr.
343 4350 546 4407 40=Proclua
564 4351 594 4407 in
611 4351 727 4408 Hesiodi
744 4351 797 4422 Op.
819 4356 848 4406 st
866 4350 932 4406 Dies
950 4368 975 4404 v.
986 4351 1029 4404 41.
