3032 5086
836 512 870 566 18

296 674 424 757 utrique
446 677 584 744 minima·
600 676 662 746 fide
684 679 772 762 digni
799 684 881 746 sunt.
924 681 990 748 Nec
1011 683 1181 764 quicquam
1203 702 1241 751 eo
1265 681 1406 750 efficitur

297 785 381 866 quod
404 786 549 852 Laertius
570 787 763 870 Diog.1112
787 788 894 870 tradit,
917 807 989 855 eum
1010 789 1122 876 φιλίαν
1144 788 1199 856 καὶ
1215 791 1404 874 συμμαχίαν

299 893 483 960 Κνωσσίων
504 894 558 958 καὶ
579 885 770 980 Ἀθηναίων
789 896 908 964 fecisse.
943 897 1101 966 Phaestus
1123 901 1206 966 enim
1229 905 1262 966 et
1278 900 1404 970 Onasus

296 1003 412 1084 oppida
433 1005 496 1069 iam
518 1002 557 1068 ah
579 1003 717 1071 Homero
740 1005 944 1072 nominantur
963 1011 997 1073 et
1019 1007 1173 1091 originem
1194 1008 1236 1075 ad
1258 1009 1399 1075 Minoem

296 1112 491 1178 conditorem
513 1110 695 1179 referebant
705 1112 739 1196 ¹).
783 1113 940 1182 Phaestus
966 1133 1022 1182 nec
1046 1117 1134 1183 clara
1160 1136 1301 1199 unquam
1325 1119 1399 1183 erat

295 1225 327 1286 et
350 1222 444 1286 tertio
459 1221 525 1286 fere
541 1221 667 1305 sacculo
682 1223 714 1287 iu
731 1227 923 1303 potestatem
939 1223 1100 1307 Gortynae
1114 1225 1249 1308 venit²):
1273 1226 1396 1293 Gnosus

292 1334 401 1396 autem
416 1329 561 1396 inmedia
583 1347 639 1396 ora
655 1332 892 1412 septentrionali
901 1332 971 1411 sita,
995 1338 1174 1400 mercatura
1197 1335 1288 1401 cultu
1309 1335 1398 1404 Iovis

293 1437 408 1506 Cretici
428 1439 535 1522 legum
555 1439 747 1520 antiquitate
758 1430 1013 1508 notissima'crat.
1045 1441 1163 1520 Quodsi
1174 1441 1307 1508 Phaesti
1319 1442 1397 1524 upi-

279 1547 446 1614 menidam
458 1552 570 1620 natum
582 1565 722 1614 essenon
734 1548 952 1628 antiquissima
963 1546 1049 1615 fama
1071 1549 1192 1632 inisset,
1215 1569 1278 1615 non
1301 1552 1394 1618 video

295 1658 452 1738 quomodo
474 1655 507 1721 id
528 1673 634 1722 rerum
658 1655 826 1737 scriptores
847 1676 980 1725 narrare
998 1659 1167 1742 potuerint.
1207 1659 1302 1726 cnosi
1322 1679 1399 1728 vero

293 1768 510 1849 magnitudine
530 1785 592 1840 non
612 1767 716 1832 nunus
737 1766 857 1833 factum
879 1772 928 1833 est
942 1770 979 1834 ut
997 1767 1110 1834 Suidas
1127 1766 1295 1834 Thaletem
1317 1765 1392 1836 inde

291 1876 397 1944 ortum
419 1895 489 1945 esse
509 1880 678 1958 memoret,
706 1895 778 1943 cum
800 1875 854 1943 alii
877 1875 1052 1961 Gortynam
1076 1876 1213 1958 patriam
1235 1877 1302 1943 cius
1324 1895 1395 1945 esse

289 1984 519 2070 perhibemur).

392 2094 499 2160 Etiam
518 2094 649 2176 patris
669 2111 810 2159 nomen
832 2094 986 2157 incertum
1006 2095 1055 2158 est
1077 2111 1148 2159 curn
1169 2094 1277 2160 Laert.
1296 2094 1391 2177 Diog.

290 2201 404 2269 Suidas
425 2202 583 2282 Eudocia,
615 2203 853 2284 Theopompum
875 2200 988 2284 secuti,
1018 2200 1181 2267 nominent
1201 2201 1390 2269 Phaestium

288 2312 338 2378 vel
361 2310 543 2377 Phaestum.
586 2311 757 2376 Praeterea
778 2311 883 2376 Laert.
895 2308 987 2392 Diog.
1008 2315 1040 2375 et
1053 2310 1167 2376 Suidas
1183 2315 1325 2391 narrant,
1348 2311 1390 2378 ah

289 2419 366 2486 aliis.
382 2437 454 2485 eum
477 2419 537 2486 dici
559 2418 774 2502 Agesarchum
795 2419 847 2483 vel
866 2413 1096 2501 Agiasarchum
1119 2419 1171 2484 vel
1192 2419 1390 2501 Agesarcum

289 2532 322 2594 et
342 2527 521 2597 Dosiadem.
563 2528 612 2595 De
633 2528 747 2609 quibus
768 2528 793 2594 si
815 2528 899 2592 licet'
912 2526 1037 2593 omnino
1059 2529 1249 2594 sententiam
1271 2527 1387 2609 dicere,

287 2636 427 2704 Phaestii
449 2637 501 2703 vel
524 2635 655 2703 Phaesti
678 2654 792 2703 nomen
814 2635 941 2702 videtur
962 2654 1001 2700 ex
1025 2635 1130 2718 oppidi
1158 2636 1241 2702 illius
1263 2637 1392 2703 nomine

287 2749 482 2828 corruptum,
503 2745 657 2812 Dosiades
680 2749 787 2810 autem
810 2750 860 2811 est
881 2745 1049 2811 historicus
1070 2762 1164 2824 quem
1189 2744 1301 2810 laudat
1310 2744 1386 2810 Dio·

287 2854 383 2919 dorus
393 2852 422 2918 V
433 2857 473 2918 80
483 2872 547 2919 una
559 2872 630 2918 cum
643 2853 828 2935 Epimenide
841 2857 1003 2919 auctorem
1013 2853 1163 2919 historiae
1178 2851 1339 2920 Cretensis
1349 2855 1387 2935 4).

286 2961 464 3027 Verisimile
492 2967 541 3028 est
562 2962 660 3026 alium
681 2961 865 3028 historicum
887 2962 967 3028 alius
995 2965 1135 3043 patrem,
1169 2961 1385 3042 Epimenidem

227 3111 230 3118 ι
285 3069 432 3136 Dosiadls
442 3067 542 3135 filium
554 3073 699 3144 vocatum
710 3088 788 3136 esse.
810 3069 955 3136 Forsitan
967 3069 1064 3134 ctiam
1076 3069 1247 3149 Agesarchi
1259 3087 1382 3150 nomen,

287 3177 371 3259 qnod
383 3157 480 3243 unum
495 3182 604 3259 restat,
626 3179 789 3243 inventum
805 3177 855 3242 sit.
888 3176 1248 3243 MatremPlutarchus
1268 3178 1300 3242 in
1322 3179 1387 3244 vita

285 3285 408 3352 Solonis
429 3285 558 3365 Balten,
587 3283 868 3376 SuidasBlasten,
899 3283 1041 3350 Eudocia
1067 3283 1211 3350 Blaisten
1234 3285 1385 3369 appellat,

284 3394 369 3460 idem
401 3395 550 3460 nimirum
580 3411 692 3458 nomen
719 3396 774 3460 sed
805 3377 900 3461 variis
927 3394 1028 3459 modis
1059 3397 1251 3476 corruptum.
1295 3392 1384 3471 Quae

284 3489 418 3588 denique
430 3523 450 3570 a
460 3503 634 3571 Plutarcho
646 3502 785 3568 traditur
794 3501 912 3584 fabula,
935 3500 1006 3569 eam
1022 3501 1194 3586 nympham
1209 3501 1316 3583 luisse,
1329 3504 1385 3567 aut

385 3703 410 3773 1)
428 3700 536 3757 Diodor
553 3699 578 3773 V
598 3703 641 3756 78.

384 3799 410 3870 2)
431 3798 558 3868 Bursian,
576 3797 753 3868 Geographie
768 3813 794 3852 v.
813 3794 1023 3852 Griachenland.
1041 3795 1067 3851 11
1087 3796 1149 3852 567.

386 3897 414 3964 3)
431 3893 527 3949 Hoeclr
545 3893 586 3948 19
604 3896 655 3948 not
672 3911 708 3948 m.
726 3892 780 3950 hac
802 3892 832 3947 in
848 3908 889 3946 re·
909 3892 1001 3947 minus
1023 3892 1157 3963 oppidum
1180 3891 1282 3947 maiori
1304 3908 1384 3963 praa·

284 3991 428 4048 ferendum
446 4007 504 4046 esse
523 3988 659 4045 concedit.
694 3973 855 4044 Phaestium
873 3988 1020 4043 nominant
1038 3988 1233 4058 Epimenidem
1263 3987 1382 4044 Bursian

285 4089 305 4146 l.
316 4106 340 4144 c.
359 4087 392 4144 Κ.
410 4086 440 4143 0.
449 4087 560 4150 Miiller,
576 4086 676 4140 Dorier
695 4085 780 4141 1208.
798 4083 893 4155 Pauly,
911 4084 1195 4155 Realencyclopaedie
1213 4085 1253 4140 111
1272 4103 1300 4154 p.
1323 4087 1381 4140 192.

354 4225 362 4239 .
381 4202 438 4241 au.
1198 4223 1201 4228 .

285 4187 354 4241 1⁸44
387 4185 416 4353 tl)
435 4280 513 4336 Alios
532 4279 655 4336 eiusdem
672 4275 793 4333 nominis
814 4277 890 4335 viros
912 4282 1057 4334 enumerat
1071 4277 1172 4338 Miller
1189 4276 1222 4332 F.
1231 4275 1266 4331 Η.
1279 4275 1311 4331 G.
1331 4274 1379 4332 IV.

280 4397 308 4452 p.
326 4379 389 4435 399.
