3032 5086
663 479 696 534 67

120 649 218 716 bellis
237 649 475 728 lacerabantur,
498 645 651 716 incertum
680 667 741 730 quo
764 655 893 716 auctore
920 649 967 716 bis
992 652 1024 717 in
1045 651 1220 732 Graeciam,

120 760 266 826 Athenas
294 763 326 823 et
357 758 505 840 Spartam
538 757 691 840 processit
721 761 768 823 vir
795 759 962 825 Cretensis.
1005 761 1227 828 Lustrationes

120 869 193 934 eius
219 874 252 934 et
279 868 408 933 oracula
437 883 629 947 quamquam
658 867 689 930 in
719 866 879 949 republica
908 866 1127 934 constituenda
1159 888 1220 934 non

119 976 261 1042 multum
288 975 443 1059 profuisse
473 976 644 1055 credimus,
673 976 747 1056 quia
775 995 831 1042 nec
858 975 951 1042 Solon
972 977 1038 1056 ipse
1066 995 1122 1043 neo
1147 978 1220 1043 boni

119 1084 267 1151 historici
288 1104 362 1152 eum
383 1084 554 1163 nominant,
581 1088 687 1148 tamen
709 1085 776 1163 ipse
798 1085 1008 1164 temperantia
1020 1091 1053 1151 et
1061 1089 1221 1168 gravitate

120 1193 250 1261 videtur
276 1195 404 1277 insignis
426 1191 532 1260 luisse.
576 1195 680 1273 Atque
702 1211 773 1258 oum
799 1193 838 1258 do
865 1195 932 1260 eius
952 1195 1017 1258 vita
1038 1213 1100 1259 uon
1121 1195 1222 1260 multa

124 1305 364 1386 comperissent,
386 1321 458 1368 mox
479 1303 511 1366 in
523 1303 660 1382 patriam
677 1319 839 1368 reversum
853 1301 967 1368 fabulis
980 1321 1094 1368 ornare
1116 1320 1223 1383 coepe·
1268 1366 1269 1370 ,

122 1418 212 1477 runt.
240 1411 389 1477 Ceterum
410 1429 481 1476 oum
503 1416 612 1475 notum
635 1411 686 1498 sit,
708 1411 734 1476 si
756 1426 849 1489 quem
869 1408 979 1476 'fabula
1000 1411 1057 1476 sibi
1080 1411 1219 1493 elegerit,

119 1522 164 1586 ad
188 1521 254 1587 eius
275 1537 442 1601 personam
464 1537 562 1586 novas
578 1519 714 1600 undique
733 1523 932 1586 narrationes
952 1520 1086 1600 adnecti,
1109 1521 1223 1587 absita

19 1687 20 1710 ,
118 1630 215 1696 nobis
237 1635 273 1695 ut
292 1634 469 1712 propteroa,
493 1629 577 1708 quod
597 1629 759 1695 fabulosae
780 1647 832 1695 res
854 1629 893 1694 de
907 1646 943 1694 eo
965 1634 1114 1694 narratae
1137 1635 1221 1710 sunt,

19 1719 20 1784 ἶ
118 1755 228 1806 mores
236 1738 304 1804 eius
313 1741 464 1820 tanquam
473 1739 955 1821 praestigiatorisvituperemus.
969 1737 1222 1819 Quidpraeterea
1253 1771 1256 1776 v

121 1847 237 1914 Cretes
267 1846 490 1927 incusabimus,
522 1865 601 1928 quos
632 1846 742 1913 dicunt
776 1865 845 1920 cum
879 1847 958 1912 alias
988 1846 1222 1912 mendaciorum

118 1957 269 2038 plaustra
292 1955 427 2022 credulis
450 1955 628 2039 ingessisse,
651 1961 719 2020 tum
740 1957 779 2021 de
799 1956 983 2038 Epimenide
1005 1955 1075 2022 illas
1097 1955 1222 2022 fabulas

119 2065 302 2132 invenisse?
324 2063 473 2146 Singulae
486 2081 644 2144 nosquam
659 2064 797 2130 incertae
819 2065 882 2130 sint
901 2065 1122 2146 demonstravi,
1147 2083 1222 2130 vera

119 2174 349 2256 potiusquam
371 2177 464 2256 grata
486 2171 562 2238 mihi
585 2173 748 2241 scribenda
772 2191 841 2240 esse
856 2179 956 2238 ratus.
988 2173 1100 2255 ltaque
1114 2177 1221 2256 spreta

119 2281 230 2347 inutili
251 2299 347 2361 opera
368 2279 526 2348 refutandi
557 2287 613 2348 aut
634 2300 687 2348 eos
717 2283 770 2362 qui
794 2300 866 2348 cum
886 2282 963 2347 nihil
985 2283 1064 2348 scire
1082 2287 1220 2364 possent,

120 2400 233 2457 nostro
251 2391 333 2455 male
355 2391 513 2468 dixerunt,
534 2395 591 2458 aut
601 2409 655 2458 eos
670 2392 725 2471 qui
739 2391 872 2456 eundem
887 2392 954 2458 sine
969 2409 1064 2457 causa
1075 2389 1221 2456 laudibus

120 2502 156 2566 in
178 2498 301 2566 caelum
322 2501 479 2580 tulerunt,
510 2500 700 2566 enumerabo
733 2518 780 2578 ea,
813 2517 895 2580 quae
926 2501 965 2565 de
997 2499 1121 2580 scriptis
1153 2499 1221 2565 eius

119 2609 305 2677 traduntur.

642 3205 715 3272 III.

223 3371 371 3437 Necvero
386 3377 491 3452 potest
512 3373 607 3440 certis
630 3374 825 3455 argumentis
838 3373 1011 3451 diiudicari,
1035 3375 1089 3452 qui
1112 3391 1221 3439 eorum

122 3480 277 3546 librorum
300 3485 332 3546 et
352 3482 492 3547 locorum
514 3501 624 3548 revera
645 3483 821 3564 Epimenidi
841 3469 929 3548 Creti¹
946 3483 1128 3561 debeantur,
1153 3500 1222 3547 oum

123 3589 217 3653 multi
243 3593 356 3670 postea
386 3567 551 3671 compositi
584 3610 653 3658 esse
686 3591 816 3672 possint,
849 3597 886 3658 ut
912 3593 1007 3656 etiam
1031 3590 1071 3655 ad
1093 3589 1223 3655 Homeri

123 3696 253 3763 Hesiodi
264 3697 382 3780 Orphei
407 3700 539 3764 aliorum
560 3702 688 3765 nomina
709 3719 729 3766 a
751 3719 840 3766 serae
862 3701 977 3767 aetatis
999 3699 1100 3783 poetis
1120 3699 1222 3763 multa

123 3802 206 3870 falso
228 3806 387 3872 translata
401 3825 472 3873 esse
487 3807 614 3891 scimus.
640 3806 770 3873 Accedit
788 3806 871 3886 quod
891 3824 1004 3874 nomen
1025 3809 1125 3874 nostri
1136 3808 1221 3873 haud

124 3914 170 3979 ita
192 3931 301 3978 rarum
323 3919 381 3996 est,
405 3915 461 3982 sed
483 3917 566 3984 idem
587 3916 722 3982 habent:
1061 3926 1063 3930 ’

167 4023 199 4105 a)
221 4023 314 4091 heros
334 4025 386 4090 ille
407 4005 533 4092 Atticus
554 4024 592 4092 de
614 4043 677 4105 quo
699 4028 762 4093 iam
784 4025 857 4106 dixi,

167 4131 200 4214 b)
223 4125 241 4196 ὁ
264 4133 409 4218 Δωριστὶ
429 4129 599 4219 γεγραφώς
623 4135 702 4220 περὶ
724 4129 840 4216 Ρόδου,

166 4240 197 4321 c)
223 4234 450 4326 dpcvaotdyog
484 4261 619 4324 quorum
655 4251 823 4326 utrumque
854 4245 961 4311 baert.
998 4244 1088 4327 Diog.
1123 4244 1219 4308 1115

231 4353 462 4428 commemorat,
