3032 5086
680 513 715 566 35

145 701 186 748 ne
207 683 301 762 plura
322 682 362 748 de
382 681 444 748 illis
458 663 552 748 rebus
568 682 728 763 scriberet,
748 701 843 764 quem
866 683 988 763 obrem
1008 701 1042 750 se
1063 701 1102 749 ea
1121 688 1247 750 tantum

147 792 439 873 describere-quae
461 792 557 856 etiam
577 789 718 857 homines
741 808 804 856 non
824 792 965 857 initiatos
987 791 1035 857 fas
1057 797 1142 858 essct
1159 793 1247 860 scire.

145 903 229 966 Ante
250 900 329 964 illud
350 899 503 981 templum
525 900 557 963 in
579 883 641 982 quo
663 901 759 965 etiam
781 899 965 982 Triptolemi
993 897 1111 980 efligies
1142 897 1246 984 luerit,

144 1014 275 1073 taurum
297 1025 430 1073 aeneum
453 1007 561 1086 luisse,
584 1008 675 1087 quasi
697 1006 737 1071 ad
753 1007 941 1100 sacrificium
961 1006 1105 1086 ducatur,
1127 1013 1160 1073 et
1171 1007 1246 1090 Epi·

148 1117 306 1182 menidam
317 1115 465 1182 Gnosium
480 1116 651 1200 sedentem,
673 1116 712 1182 de
726 1117 816 1181 cuius
827 1133 935 1183 somno
956 1118 990 1181 et
1011 1117 1114 1198 patria
1135 1121 1247 1198 postea

145 1243 248 1306 pauca
271 1224 414 1305 disputat
435 1229 609 1307 narretque
630 1243 703 1290 eum
724 1223 867 1290 Athenas
890 1223 1085 1314 lustravisse.
1129 1224 1247 1302 Quodsi
1356 1241 1357 1248 ¹

145 1338 232 1400 recte
245 1332 338 1398 heros
350 1331 550 1412 Epimenides
569 1350 641 1398 cum
652 1331 774 1398 Cereris
788 1333 876 1398 cultu
890 1333 1141 1412 coniungeretur,
1164 1332 1247 1398 hunc

144 1425 292 1523 putarem
314 1457 351 1504 eo
372 1441 441 1504 iure
462 1447 536 1506 ante
558 1440 712 1521 templum
733 1440 873 1520 positum
885 1457 962 1520 esse,
985 1456 1048 1519 quo
1061 1440 1247 1520 Triptolemi

145 1553 256 1615 statue
277 1549 447 1630 intemplo
468 1549 756 1629 demonstrabatur,
778 1555 811 1614 et
830 1567 929 1631 prope
952 1567 1024 1614 eum
1048 1549 1102 1630 qui
1125 1549 1247 1631 primus

144 1668 273 1722 taurum
295 1660 403 1721 aratro
426 1657 529 1721 iunxit
549 1657 711 1738 aptissime
728 1657 813 1722 tauri
829 1658 1001 1739 imaginem
1016 1657 1154 1738 positam
1176 1675 1246 1723 esse

144 1765 332 1830 diceremus.
375 1763 437 1829 Sed
459 1763 665 1846 Bernsysium
686 1782 750 1829 uon
771 1770 858 1831 recte
878 1753 1034 1831 iudicasse
1059 1763 1160 1843 credo,
1184 1782 1247 1830 uon

141 1873 247 1938 solum
267 1875 396 1955 propter
421 1872 524 1938 locum
536 1871 684 1937 Aristidis
713 1872 961 1938 iamaPrellero
982 1873 1002 1937 l.
1016 1889 1040 1937 c.
1063 1871 1245 1955 ascriptum,

142 1983 201 2048 sed
223 1982 319 2047 etiam
341 1983 425 2061 quod
448 1979 620 2047 scholiasta
647 1979 687 2045 ad
708 1979 898 2064 Aeschinem
917 1980 974 2046 hc.
1003 1985 1148 2062 aratrum
1177 1981 1246 2046 eius
1288 1981 1289 1986 ’

121 2073 177 2155 'in
200 2108 271 2156 arce
295 2089 495 2154 Athenarum
522 2091 721 2154 asservatum
739 2106 813 2176 csse
842 2088 924 2154 dicit.
971 2087 1122 2165 Quamvis
1148 2089 1246 2171 igitur

147 2203 289 2264 anostro
300 2196 485 2278 Epimenide
497 2195 618 2261 Cereris
630 2213 720 2260 sacra
734 2199 767 2260 et
776 2196 928 2278 mysteria
940 2195 1025 2262 culta
1036 2212 1105 2262 esse
1119 2177 1246 2260 omuino

142 2325 210 2374 non
222 2305 376 2372 traditum
387 2306 437 2384 sit,
462 2323 501 2370 ea
511 2304 602 2370 nobis
616 2304 878 2386 viaingrediendu
889 2309 946 2384 est,
963 2321 1059 2384 quam
1071 2303 1247 2370 Mommsen

142 2435 176 2499 p.
190 2419 230 2480 29
239 2432 285 2495 sq.
308 2418 341 2479 et
363 2417 424 2478 300
442 2397 686 2494 demonstrarit„
720 2412 796 2478 dum
824 2412 962 2479 sciamus
991 2413 1068 2478 certi
1090 2414 1186 2479 etiam
1206 2412 1246 2478 de

143 2527 205 2591 hnc
226 2544 261 2591 re
282 2523 360 2588 nihil
382 2528 536 2589 constare.

226 2623 229 2627 ’
250 2633 330 2700 Oum
345 2651 380 2698 eo
397 2633 481 2712 quod
493 2633 712 2715 Epimenidem
727 2634 940 2700 concludimus
956 2635 1107 2710 meritum
1126 2649 1197 2700 esse
1208 2633 1248 2698 de

144 2744 271 2810 Cereris
293 2749 325 2806 et
346 2741 581 2809 Eleusiniorum
603 2743 699 2822 cultu,
723 2743 750 2808 si
774 2747 883 2809 statua
904 2743 971 2808 eius
994 2747 1069 2808 ante
1089 2742 1244 2822 templum

144 2851 368 2934 mysteriorum
387 2850 483 2932 'Agris
504 2852 607 2933 posita
631 2853 701 2916 erat
709 2852 748 2931 1),
776 2850 974 2943 conteremus
995 2851 1100 2916 locum
1123 2849 1246 2915 Solonis
1341 2921 1343 2926 ,

144 2960 575 3043 Plutarcheip.166,1-4:
599 2958 714 3024 »Sacra
738 2960 823 3024 enim
850 2959 985 3041 pulchra
1011 2958 1163 3024 reddebat
1188 2976 1245 3024 nec
1336 2949 1337 2952 '

147 3066 356 3134 Athenienses
370 3066 551 3148 patiebatur
572 3065 639 3131 lero
654 3085 742 3133 more
753 3067 787 3132 iu
810 3067 953 3154 sordibus
967 3049 1118 3146 luctuque
1135 3068 1246 3146 iacere,

143 3176 299 3242 sacrificia
320 3195 391 3241 cum
415 3176 492 3257 ipsis
515 3175 677 3242 funeribus
708 3177 902 3258 coniungens
929 3181 961 3242 et
985 3175 1148 3241 horridum
1175 3176 1248 3242 ber-

145 3287 323 3364 barumque
343 3288 509 3365 aspectum
530 3284 654 3365 tollens,
676 3301 770 3366 quem
792 3286 1078 3376 anteaplcraeque
1098 3285 1248 3354 mulieres

254 3450 280 3520 1)
299 3449 431 3505 Forsitan
449 3447 515 3504 inde
533 3454 629 3504 natum
648 3450 687 3504 sit
705 3451 780 3520 quod
795 3449 887 3506 Laert.
898 3451 979 3522 Diog.
999 3450 1076 3505 1109
1096 3448 1164 3505 dicit
1175 3427 1249 3520 lipipc

147 3543 181 3600 τὸ
205 3549 286 3616 γένος
308 3542 363 3600 ἀπὸ
391 3547 539 3611 Κνωσσοῦ,
566 3547 681 3600 καθέσει
704 3547 750 3613 τῆς
778 3541 866 3618 κόμης
883 3543 914 3599 τὸ
941 3547 1014 3605 εἶδος
1036 3540 1248 3618 παραλλάσσων,

145 3659 229 3712 quem
245 3643 337 3696 locum
348 3641 525 3696 casaubonus
540 3633 756 3710 interpretatur:
778 3642 913 3711 »speciem
925 3642 1016 3712 gentis
1026 3659 1092 3697 suae
1110 3657 1173 3696 eum
1191 3657 1248 3694 non

144 3737 278 3792 habuisse
297 3753 339 3806 eo,
358 3736 433 3812 quod¹
450 3743 558 3790 comam
576 3735 690 3792 aleret«.
727 3737 845 3791 Kortiim
858 3755 886 3806 p.
902 3739 965 3792 163:
986 3736 1052 3792 »der
1070 3735 1249 3807 langbtrtige

148 3835 231 3890 Greis
249 3837 301 3888 mit
319 3835 493 3905 struppigem
504 3835 578 3890 Hasr
596 3835 654 3889 und
672 3835 875 3905 naehlbssigem
894 3835 1059 3890 Aeusserne.
1096 3835 1251 3891 Lerminier

145 3950 173 4002 p.
187 3931 250 3986 184:
273 3939 326 3985 »un
345 3931 473 3986 vicillard
492 3948 527 3984 au
545 3931 622 3987 irent
639 3949 734 4003 grave,
758 3949 793 3986 eu
811 3929 960 3987 maintient
971 3931 1086 4001 ,severe;
1111 3931 1146 3987 de
1167 3931 1249 4001 longe

145 4027 279 4096 cheveux,
298 4043 352 4081 une
369 4028 456 4081 barbe
475 4025 582 4096 spaisse
594 4027 802 4098 augmentaisut
815 4043 917 4083 encore
935 4028 963 4082 le
973 4026 1121 4098 religieuee
1132 4025 1250 4096 majesta

148 4124 184 4178 de
204 4140 246 4177 ses
266 4123 377 4177 traice«.
413 4123 467 4178 Sed
485 4139 547 4178 eum
564 4121 742 4192 Epimenides
764 4140 821 4177 non
843 4123 1013 4178 carminibus
1031 4123 1187 4177 celebratus
1204 4123 1250 4191 sit,

146 4235 230 4288 quem
254 4216 420 4272 historicum
446 4217 499 4286 hoe
526 4218 676 4274 tradidisse
703 4217 842 4273 credimus
869 4218 924 4272 nisi
942 4235 1013 4272 eum
1036 4218 1135 4287 quiin
1158 4215 1250 4286 aliqua

147 4318 242 4370 status
257 4314 287 4369 id
304 4313 428 4370 viderit?
451 4314 560 4384 Templi
573 4314 648 4370 illius
671 4319 836 4384 statuesque
854 4313 1053 4384 Epimenideae
1072 4314 1152 4368 locus
1175 4329 1251 4368 nuno
1306 4313 1308 4316 ’

81 4471 84 4476 ,
146 4413 233 4470 etiam
250 4413 430 4483 conspicitur.
