3032 5086
803 499 838 553 86

272 671 497 752 praebebant«.
562 668 735 735 Horridum
768 668 1004 751 barbarumque
1026 648 1202 752 'aspectum
1239 670 1374 737 femina·

270 799 341 845 rum
363 797 424 844 non
447 778 551 844 minus
584 777 625 842 ad
657 777 807 856 exequias
837 781 869 842 ct
897 776 982 842 iusta
1010 777 1157 844 funebria
1182 779 1375 860 pertinuisse

270 887 494 954 verisimilius
525 885 561 951 lit
593 903 644 968 eo,
675 885 757 966 quod
786 869 967 950 Herodotus
997 885 1082 966 apud
1108 885 1374 952 Lacedaemonios

264 1000 379 1062 narrat
410 1013 469 1060 sua
504 998 611 1059 aetate
643 998 878 1073 postmortem
907 992 990 1076 regis
1020 994 1104 1058 idem
1135 995 1238 1060 luctus
1270 1013 1373 1077 genua

266 1106 300 1171 in
329 1103 525 1180 oboluisse,
553 1102 638 1185 quod
666 1102 751 1184 apud
783 1101 935 1167 barbaros
965 1102 998 1165 in
1029 1102 1117 1168 Asia.
1171 1102 1278 1183 Atque
1299 1121 1374 1168 cum

269 1214 351 1279 tales
377 1229 480 1278 mores
512 1211 608 1275 etiam
636 1209 767 1274 Athenis
797 1210 955 1291 vigerent,
984 1210 1110 1294 s010n1)
1135 1211 1274 1276 illumin
1297 1228 1373 1277 exe·

271 1322 353 1403 qniis
374 1324 408 1386 ot
429 1319 540 1385 diebus
561 1318 651 1384 iestis
672 1318 948 1399 intemperantiam
969 1319 1093 1400 legibus
1119 1318 1255 1385 vetabat.
1300 1317 1373 1395 Quo

269 1429 302 1494 in
336 1445 452 1510 genere
475 1425 666 1492 Plutarchus
691 1444 760 1515 cap.
789 1430 825 1489 12
847 1426 924 1493 dicit
953 1427 1021 1493 eius
1053 1427 1140 1510 leges
1161 1431 1373 1508 praeparatas

268 1555 336 1605 esse
358 1537 455 1603 sacris
477 1534 711 1617 abllpimenide
732 1535 896 1602 institutis.
936 1535 1057 1602 Luctus
1069 1537 1276 1619 superstitum
1298 1542 1374 1617 post

268 1646 518 1711 necessariorum
539 1649 673 1709 mortem
686 1647 883 1724 temperatur
895 1643 1373 1711 venerationeinferorumdoo·

269 1771 350 1818 rum.
394 1752 518 1819 Cereris
539 1743 666 1832 uiridem
687 1752 791 1817 cultus
814 1752 946 1818 Athenis
968 1759 1124 1834 receptus*
1137 1760 1207 1818 erat
1226 1758 1374 1834 tempore

270 1861 495 1942 migrationum
516 1861 728 1943 antiquarum,
755 1861 810 1926 sed
832 1858 887 1925 illa
909 1858 1038 1926 confusa
1048 1879 1119 1926 cum
1133 1881 1170 1927 ea
1181 1865 1248 1942 dea,
1272 1879 1373 1940 quam

269 1966 672 2050 GephyraeiTanagrenses
684 1967 807 2031 nomine
818 1956 951 2046 Ἀχαιᾶς
965 1966 996 2029 in
1009 1966 1120 2032 urbem
1128 1966 1373 2032 transtulerant.

218 2071 229 2091 ⁸
271 2075 338 2142 Nec
360 2079 487 2157 poterat
511 2092 548 2140 ea
571 2074 682 2155 religio
703 2092 791 2164 spem
813 2075 954 2139 melioris
976 2074 1062 2140 vitae
1084 2078 1155 2156 post
1174 2073 1335 2140 mortemf
1357 2109 1371 2122 -

269 2185 362 2248 turae
395 2184 547 2262 excitare,
576 2200 647 2248 cum
680 2182 828 2247 mulieres
859 2180 1109 2263 Thermophoria
1141 2187 1271 2264 agentes
1299 2201 1374 2249 cum

270 2292 420 2372 squalore
444 2291 591 2358 lamentis
613 2290 765 2369 luctuque
787 2289 873 2354 humi
895 2289 1033 2356 iacentes
1054 2291 1170 2356 ieiunia
1192 2294 1374 2373 egerentet

274 2419 345 2466 cum
369 2399 483 2466 Cerere
504 2398 728 2481 Proserpinam
748 2399 780 2462 in
805 2398 922 2464 Orcum
945 2398 1108 2480 dereptam
1130 2399 1372 2480 complorarent.

268 2508 338 2586 Qua
359 2509 584 2575 consuetudine
607 2527 646 2573 ne
666 2525 771 2572 mores
790 2507 820 2569 in
837 2505 999 2572 hominum
1011 2507 1151 2588 exequiis
1160 2505 1373 2572 adorarentur

266 2619 369 2698 prisca
385 2616 508 2682 Cereris
530 2615 639 2697 religio
662 2615 852 2682 auctoritate
874 2633 974 2680 novae
998 2616 1193 2683 attenuanda
1214 2620 1294 2698 erat,
1317 2633 1373 2680 cu·

266 2723 316 2789 ius
349 2725 451 2806 gloria
482 2729 559 2789 tunc
592 2722 741 2789 Eleusine
773 2723 1014 2804 divulgabatur,
1046 2724 1084 2788 de
1116 2742 1179 2804 qua
1208 2723 1371 2790 Pindarus

268 2829 309 2897 fr.
327 2835 386 2896 102
409 2831 576 2915 (Boeckh):

460 2937 588 3018 Ὄλβιος
608 2932 701 3015 ὅστις
720 2933 799 3004 ἰδών

390 3041 469 3112 κεῖν’
492 3037 553 3115 εἶθ’
580 3040 647 3112 ὑπὸ
668 3039 779 3127 χθόν’·
801 3037 871 3110 οἶδε
892 3042 951 3128 μὲν
972 3043 1047 3124 βίου
1068 3039 1229 3125 τελευτάν,

490 3217 491 3222 ,
595 3145 684 3219 οἶδεν
706 3151 742 3218 δὲ
765 3148 933 3230 ὀιόςιῖοτον
954 3143 1063 3236 ἀρχάν.

366 3263 509 3330 Eandem
525 3262 579 3326 alii
591 3261 705 3328 Graeci
725 3261 894 3342 scriptores
910 3261 1177 3328 multislaudibus
1190 3261 1371 3346 efferunt2).
1477 3271 1480 3278 ⁴

267 3373 328 3438 Sed
343 3373 420 3438 haec
439 3372 500 3437 dea
517 3389 588 3436 eum
603 3370 644 3434 ad
659 3371 690 3435 id
709 3374 835 3450 tempus
855 3388 981 3436 sacrum
995 3369 1128 3436 Athonis
1149 3388 1211 3435 non
1226 3372 1372 3456 haberet,

268 3498 331 3564 quo
342 3482 443 3563 magis
456 3491 511 3562 spe
523 3481 607 3545 vitae
620 3478 757 3544 melioris
772 3478 1012 3560 Atheniensium
1027 3478 1123 3545 animi
1138 3481 1372 3563 mitigarentur,

267 3591 405 3657 alterum
428 3589 650 3672 mysteriorum
660 3589 815 3668 templum
825 3587 929 3667 Agris,
952 3587 983 3653 in
1003 3588 1072 3669 ipsa
1081 3589 1160 3654 urbe
1171 3589 1371 3656 condendum

269 3701 349 3772 erat,
371 3699 404 3763 in
426 3715 488 3778 quo
510 3702 621 3778 postea
651 3714 752 3777 parva
783 3697 934 3778 mysteria
965 3685 1092 3761 fiebant.
1132 3686 1202 3762 Ho'c
1223 3697 1372 3766 instituto
1487 3707 1498 3728 ⁸

268 3806 442 3872 Mommsen
461 3805 561 3872 credit
572 3804 817 3872 Atheniensibus
835 3803 1006 3870 faciliorem
1021 3804 1143 3871 aditum
1161 3805 1202 3870 ad
1216 3809 1373 3888 mysteria

266 3916 306 3981 ab
329 3913 512 3996 Epimenide
532 3911 652 3979 factum
681 3931 763 3992 esse,
797 3931 853 3978 nec
882 3913 961 3978 tanti
994 3913 1067 3978 inde
1089 3910 1129 3977 ab
1150 3912 1203 3978 illo
1224 3918 1372 3997 tempore

266 4022 520 4105 Thesmophoria
541 4023 692 4089 momenti
716 4021 820 4088 fuisse.
857 4033 858 4037 ’

367 4255 393 4324 1)
412 4254 484 4308 Plut.
505 4254 597 4310 Solon.
617 4272 677 4324 cap.
696 4255 738 4309 21.
1095 4309 1097 4315 ,

364 4352 394 4421 2)
412 4350 567 4407 Schbmann
588 4350 614 4406 ΙΙ
627 4352 680 4407 395
693 4367 733 4418 sq.
772 4349 906 4404 Welclrer.
926 4349 1013 4404 11519
1025 4366 1065 4418 sq.
