3032 5086
830 505 865 558 34

300 675 414 760 quibus
435 675 614 742 coniectura
627 671 821 756 Epimenidis
841 671 947 740 herois
962 689 1075 738 nomen
1098 671 1286 738 restitutum
1308 674 1365 736 est
1375 671 1411 749 ¹).

302 783 381 850 Cum
406 801 479 850 vero
502 787 551 850 tot
569 781 646 848 locis
664 785 786 846 constet
799 781 888 846 illum
901 780 1118 862 Epimenidem
1133 785 1244 860 postea
1255 780 1414 862 Buzyges

300 908 413 958 nomen
442 883 623 972 accepisse.
648 906 710 953 non
738 889 889 954 miremur
911 887 1005 968 -quod
1035 887 1089 952 alii
1118 889 1270 972 Buzygen
1301 893 1413 954 artem

302 999 413 1066 arandi
433 998 590 1065 invenisse
610 998 744 1063 tradunt
765 1007 798 1062 et
808 995 967 1062 Ausonius
982 1014 1072 1062 serae
1093 997 1211 1066 aetatis
1231 1002 1328 1078 poeta
1346 1014 1413 1060 non

302 1107 365 1172 iem
387 1107 536 1189 Buzygen
558 1110 591 1172 et
613 1104 829 1187 Epimenidem
855 1107 913 1172 scit
933 1105 1066 1170 eundem
1089 1123 1168 1188 eesc,
1187 1104 1244 1172 sed
1265 1110 1303 1168 ut
1324 1105 1414 1168 duos

304 1213 519 1298 agriculturae
531 1212 642 1280 heroes
656 1219 784 1294 praeter
796 1212 1026 1295 Triptolemum
1042 1197 1192 1278 nominet.
1212 1213 1281 1278 Nos
1294 1217 1412 1305 entem

302 1324 362 1390 hec
382 1325 414 1388 in
428 1341 463 1389 re
474 1325 540 1390 tem
553 1323 663 1404 longos
673 1340 742 1388 esse
755 1322 896 1402 oportuit
907 1323 991 1404 quod
1004 1321 1163 1403 ssosslers)
1184 1326 1218 1387 ct
1228 1321 1413 1386 Mommsen

301 1432 322 1498 l.
335 1450 361 1498 c.
386 1451 415 1514 p.
428 1433 596 1498 innostro
618 1429 797 1511 Epimenidi
821 1430 905 1494 Creti
932 1435 1043 1510 postes
1061 1430 1210 1512 Buzygee
1231 1447 1414 1510 cognomen

302 1541 414 1608 datum
430 1558 499 1608 cese
514 1540 622 1607 dicunt
635 1544 814 1620 propterea,
833 1539 918 1621 quod
928 1539 1077 1618 antiques
1086 1539 1174 1620 leges
1189 1542 1221 1604 et
1230 1538 1414 1604 execratio

302 1665 359 1716 ncs
380 1648 539 1732 Buzygiae
562 1646 685 1712 Solonis
706 1652 848 1729 tempore
866 1646 1087 1712 reformaverit
1109 1656 1142 1712 et
1172 1647 1412 1713 retractaverit.

303 1755 370 1823 Hes
393 1762 425 1822 et
447 1756 525 1822 alies
549 1755 722 1836 opiniones,
747 1754 806 1822 hoc
827 1773 891 1820 uno
924 1754 1130 1822 fundamento
1157 1757 1243 1822 nisus
1273 1762 1308 1820 et
1333 1753 1413 1818 illas

305 1863 468 1932 Aristoteli
493 1862 669 1929 contrarias
690 1861 833 1927 videmus
854 1862 951 1928 falses
974 1881 1052 1928 esse.

405 1987 432 2070 g.
447 1990 474 2054 5.
498 1985 530 2053 Si
545 2005 655 2053 verum
670 1991 753 2052 esset
770 1985 810 2066 id,
834 1986 917 2066 quod
930 1988 1099 2054 novissime
1111 1989 1285 2072 Berneys¹⁵l
1306 1990 1412 2070 scrip

305 2097 356 2176 sit,
381 2096 619 2179 secraBunygia
633 2096 848 2165 anniversarie
869 2095 1198 2163 in‘Gereriehonorem
1220 2097 1305 2162 lacte
1327 2115 1412 2180 esse,

308 2223 369 2271 uon
391 2205 570 2272 dubitarem
593 2204 668 2285 quin
683 2202 888 2269 Pausanissl
910 2205 955 2283 14,
969 2209 989 2267 4
1002 2205 1141 2272 eiusdem
1152 2207 1288 2272 nominis
1303 2208 1414 2288 specie

310 2313 470 2394 deceptus,
500 2317 641 2379 statuam
670 2312 803 2378 Athenis
835 2313 971 2394 positam
1002 2314 1179 2395 Epimenidi
1208 2315 1297 2381 Croti
1326 2313 1411 2379 falso

274 2403 278 2410 ⁵
307 2420 462 2488 tribuerit.
507 2419 626 2486 Narrat
647 2420 731 2485 enim
751 2439 848 2501 supra
869 2420 989 2486 iontem
1011 2420 1100 2487 illum
1118 2423 1329 2488 clarissimum
1353 2423 1409 2501 qui

306 2528 531 2594 Enneacrunos
551 2532 683 2594 vocatur
704 2533 794 2592 trans
813 2527 939 2592 llissnm
958 2526 1088 2592 fluvium
1110 2546 1182 2593 cum
1202 2527 1266 2616 alia
1288 2528 1411 2608 templa

307 2635 414 2718 furiose,
436 2640 506 2703 tum
516 2636 641 2703 Cereris
656 2642 689 2700 et
700 2635 907 2716 Proserpinae
922 2635 974 2699 ubi
989 2636 1085 2702 etiem
1098 2635 1284 2716 Triptolemi
1299 2640 1410 2700 statua

305 2742 413 2810 luerit.
451 2743 546 2813 Cuius
562 2743 695 2810 historie
709 2745 812 2810 relate
836 2743 911 2809 dicit
932 2761 966 2810 se
981 2744 1101 2809 somnio
1112 2743 1306 2825 prohibitum
1328 2761 1409 2826 esse,

412 3012 440 3084 1)
458 3011 490 3066 In
510 3012 613 3068 scholio
636 3013 797 3068 Victorieno
821 3013 855 3067 ad
879 3011 993 3067 Iliadem
1015 3011 1104 3067 XVlIl
1119 3015 1185 3082 Ι483,
1208 3014 1256 3068 ubi
1276 3019 1334 3068 est:
1364 3020 1412 3068 καὶ

310 3102 425 3180 ἄροτρον
457 3107 489 3163 δὲ
518 3113 627 3181 πρῶτον
650 3109 707 3164 ἐκεῖ
731 3109 883 3180 (Eleusine)
902 3107 1031 3180 poricides
1047 3108 1062 3162 ὁ
1081 3114 1127 3162 καὶ
1143 3101 1281 3180 Βουζὺγῆς
1299 3113 1412 3175 ἔζευξεν,

310 3205 423 3260 Lobeok
438 3204 642 3274 Aglaophamos
654 3223 680 3275 p.
692 3205 744 3260 209
757 3223 856 3260 nomen
869 3205 1041 3275 Epimenidis
1059 3223 1112 3274 pro
1129 3205 1257 3276 μαίνιδος
1274 3207 1412 3262 restituit.

308 3300 384 3356 Idem
395 3300 463 3354 feeit
475 3299 601 3355 Andreas
621 3301 762 3356 Schottiue
782 3302 811 3355 in
820 3302 937 3355 Ausonii
956 3301 1129 3372 epistola'22,
1147 3303 1195 3356 ubi
1213 3303 1242 3355 in
1260 3319 1344 3356 versu
1358 3305 1411 3358 46:

347 3396 553 3467 »Triptolemon
573 3396 640 3451 olim
659 3397 716 3452 sive
735 3398 845 3452 medem
862 3402 963 3452 vocent
982 3402 1031 3452 unt
1048 3397 1205 3452 Tullianum
1224 3399 1372 3469 Buzyges«

309 3510 361 3564 pro
382 3489 521 3549 ›medem‹
548 3493 660 3564 scripsit
688 3494 908 3564 ›Epimenidem‹
935 3493 968 3548 cf.
995 3494 1096 3548 Moritu
1121 3495 1225 3564 Haupt,
1244 3493 1328 3550 Veris
1346 3512 1412 3550 nro.

308 3589 408 3646 LXIII.
436 3591 560 3664 ¹Hermes
578 3589 602 3645 V
620 3608 647 3659 p.
658 3592 693 3644 34
705 3607 745 3660 sq.
785 3590 909 3660 Denique
927 3590 956 3642 in
975 3591 1080 3645 scholio
1097 3590 1134 3644 ad
1144 3590 1308 3646 Aeschinem
1322 3591 1348 3645 11
1358 3593 1409 3646 78:

312 3681 463 3756 »Βουζὺγης
490 3686 522 3738 ol
549 3680 650 3753 ἐκλήθη
677 3691 803 3762 respodens
823 3684 971 3764 ΆθηνοιίωνΙ
998 3687 1052 3741 τῶν
1079 3681 1176 3755 πάλαι,
1201 3682 1276 3746 ὅστις
1301 3688 1413 3758 πρῶτος

257 3789 259 3794 ’
309 3781 401 3850 ζεῦγος
418 3782 526 3844 ἔζευξεν.
554 3776 637 3836 Ὅθεν
655 3785 701 3834 καὶ
717 3777 747 3833 τὸ
770 3775 886 3854 ἄροτρον
910 3779 992 3836 αὐτοῦ
1013 3779 1134 3836 ἀνέκειτο
1159 3783 1190 3836 ἓν
1207 3784 1239 3848 τῆ
1260 3779 1412 3852 ἀκροπόλει

309 3875 379 3949 πρὸς
395 3869 535 3949 μνήμηνι,
555 3874 691 3946 Sauppius
710 3895 762 3948 pro
782 3884 938 3950 »νευμίτηςι
955 3877 1028 3933 idem
1046 3895 1149 3932 nomen
1167 3880 1288 3947 scripsit.

298 3949 305 3965 ⁵
389 3973 438 4044 ,2)
458 3971 528 4028 Lud.
542 3973 662 4043 Bossler,
682 3973 717 4028 de
735 3975 865 4045 gentibus
885 3979 914 4030 et
931 3974 1043 4030 familiis
1058 3975 1168 4030 Atticae
1178 3976 1411 4032 sacerdotalibus.

311 4070 382 4125 Dies.
401 4070 536 4126 Gissensis
557 4072 635 4124 1833.
653 4087 680 4139 p.
693 4073 725 4124 11
744 4076 802 4125 not.
816 4073 841 4126 9.

238 4165 239 4170 ’
411 4168 439 4237 u)
457 4167 588 4236 Bernsys,
607 4166 720 4222 Philone
734 4167 927 4237 Hypothetilra
944 4168 1002 4222 und
1020 4169 1065 4222 die
1078 4168 1343 4240 Verwiinschungen
1361 4171 1413 4226 des

310 4262 435 4332 Buzyges
456 4263 486 4316 in
510 4263 609 4318 Athen.
646 4262 867 4319 Monstsbericht
894 4264 945 4320 der
970 4265 1075 4336 kdnigl.
1100 4266 1187 4320 ulad.
1213 4266 1239 4320 d.
1268 4267 1352 4322 Wise.
1378 4288 1415 4323 zu

223 4371 226 4376 ’
311 4357 412 4412 Berlin.
448 4358 610 4428 September
629 4359 686 4415 und
703 4361 823 4416 October
843 4362 920 4417 1876.
939 4381 966 4434 p.
976 4364 1036 4420 604.
