3032 5086
859 488 896 546 50

331 663 400 727 544.
441 659 488 727 lbi
514 659 700 744 Obremylus
731 659 823 728 deam
845 657 1030 742 Egestatem
1055 660 1190 740 incusat,
1220 661 1305 745 quod
1326 661 1431 730 borni·

330 769 422 839 nibcss
441 771 532 853 panis
553 768 621 836 loco
641 770 778 836 malvam
796 769 958 850 praebeat.
991 767 1091 846 Quem
1107 769 1146 836 ob
1166 788 1233 836 rem
1252 773 1431 840 narrabant

327 897 398 946 eam
420 899 441 946 a
460 878 642 964 Pythagora
677 883 709 944 et
729 878 908 946 Democrito
928 877 1098 946 'laudatam
1119 877 1239 963 esse1),
1270 880 1428 948 incertum

327 994 436 1055 utrum
478 987 668 1055 valetudinis
698 1005 794 1054 causa
829 1006 870 1054 an
904 992 1033 1071 propter
1066 989 1232 1072 mysticam
1264 991 1427 1071 quandum

328 1103 487 1164 naturam.
532 1095 666 1179 Propter
687 1096 770 1163 hauc
791 1095 873 1162 euim
891 1096 1084 1179 Pythagorei
1104 1096 1278 1182 etOrphici
1287 1117 1362 1166 eam
1386 1099 1426 1165 ad

330 1225 407 1275 suas
430 1225 544 1274 coenas
565 1205 804 1290 adhibebancp.
846 1197 1049 1293 Ἀσφόόελος
1062 1205 1088 1288 ⁸)
1110 1213 1218 1274 autem
1238 1213 1288 1276 est
1308 1207 1424 1290 aspho

329 1315 420 1383 delus
440 1333 592 1396 ramosus,
629 1314 712 1395 quod
732 1315 869 1382 liliorum
891 1331 989 1398 genus
1011 1314 1106 1381 etiam
1128 1315 1161 1381 in
1182 1297 1298 1382 nostris
1321 1315 1425 1382 hortis

327 1424 473 1504 invenies,
496 1422 577 1490 foliis
593 1423 695 1507 longis
717 1428 749 1488 et
770 1424 880 1508 acutis,
903 1423 992 1490 caule
1015 1423 1080 1490 alto
1098 1427 1130 1490 et
1150 1424 1183 1490 in
1199 1423 1263 1492 fine
1283 1442 1423 1504 ramoso,

326 1531 403 1600 dore
426 1533 511 1616 grati
532 1531 647 1598 odoris.
690 1530 727 1596 In
747 1532 854 1598 radice
874 1536 949 1598 sunt
970 1530 1056 1598 bulbi
1078 1531 1193 1615 quibus
1215 1533 1338 1615 antiqui
1353 1537 1425 1600 ute·

323 1641 441 1710 bantur
461 1645 499 1708 ut
519 1658 576 1708 nos
600 1640 705 1706 fructu
726 1641 830 1706 solani
850 1639 996 1706 tuberosi
1039 1640 1125 1706 Nihil
1143 1639 1242 1723 igitur
1262 1641 1331 1709 loco
1347 1639 1422 1708 Plis-

325 1753 409 1818 tonis
431 1750 628 1842 enprimitnr,
649 1747 711 1816 nisi
732 1751 876 1816 nostrum
895 1754 929 1815 et
948 1767 1011 1816 non
1026 1749 1161 1816 multum
1183 1749 1286 1819 edisse
1304 1755 1339 1820 et
1354 1749 1421 1817 aui·

324 1859 454 1926 nahum
477 1877 604 1927 carnem
624 1876 688 1924 non
709 1859 896 1940 gustavisse,
917 1875 1012 1939 quam
1034 1876 1175 1926 summae
1189 1861 1420 1942 temperantiae

322 1967 449 2036 laudem
470 1967 646 2050 Epimenidi
681 1965 859 2033 detrectare
893 1966 1069 2034 nonlicet
1119 1966 1312 2053 Hermippus
1344 1985 1420 2036 sero
1488 1969 1489 1980 ’

326 2076 364 2144 fr.
389 2080 427 2143 18
448 2081 480 2144 et
500 2074 692 2143 Plutarchus
712 2075 745 2140 in
766 2078 887 2156 septem
911 2075 1101 2156 sapientium
1121 2077 1262 2144 convivio
1286 2095 1355 2160 cap.
1381 2079 1419 2140 14

326 2189 360 2254 et
380 2188 414 2252 in
434 2186 656 2253 dissertatione
683 2185 722 2251 ds
743 2183 876 2251 iaciein
898 2185 973 2250 orbe
995 2185 1090 2252 lunae
1111 2188 1151 2250 25
1173 2186 1335 2252 minimam
1359 2184 1418 2252 eibi

323 2287 444 2377 copiam
478 2296 518 2362 ab
538 2293 723 2378 Epimenide
748 2297 967 2376 consumptam
994 2311 1064 2361 esse
1092 2293 1293 2362 contendunt.
1336 2293 1419 2361 Her·

323 2404 450 2488 mippus
471 2402 535 2471 iam
564 2406 791 2470 commemorat
812 2420 883 2468 eum
911 2400 1004 2470 famis
1026 2402 1158 2484 sitisque
1178 2403 1347 2486 pellendae
1369 2419 1415 2467 re

322 2514 460 2580 medium
484 2512 638 2580 habuisse.
674 2511 821 2579 Timaeus
834 2512 968 2592 denique
983 2517 1016 2578 et
1030 2512 1213 2580 Demetrius
1227 2511 1253 2596 Δ)
1273 2513 1413 2591 narrant,

320 2639 393 2689 eum
415 2642 436 2690 a
456 2621 603 2707 nymphis
622 2619 725 2688 eibum
747 2622 911 2703 accepisse,
936 2638 1029 2701 quom
1045 2621 1076 2686 in
1091 2639 1188 2688 cornu
1202 2620 1290 2690 bovis
1309 2635 1411 2689 secum

321 2730 441 2812 tulerit,
478 2731 569 2797 nulla
609 2734 807 2796 excrementa
836 2729 964 2796 eiecisse
998 2747 1057 2796 nec
1094 2747 1234 2811 unquam
1268 2732 1410 2798 edentem
1484 2731 1485 2784 l

320 2838 423 2905 visum
443 2855 521 2905 esse.
565 2838 613 2904 De
629 2837 720 2906 cuim
733 2836 862 2904 fabulae
878 2837 1010 2920 singulis
1033 2837 1129 2905 rebus
1151 2838 1260 2904 inutile
1281 2843 1332 2906 est
1352 2838 1408 2904 dis·
1483 2799 1484 2852 i

319 2963 434 3029 serere,
465 2964 536 3012 curn
555 2946 631 3028 quid
652 2947 685 3012 in
706 2965 744 3013 ea
767 2947 832 3016 veri
854 2947 895 3012 sit
924 2947 992 3014 loco
1012 2947 1153 3014 Platonis
1179 2965 1409 3030 cognoscamus.

320 3055 411 3135 Quod
442 3060 549 3123 autmn
571 3075 591 3122 a
610 3055 753 3138 nymphis
781 3072 855 3120 cum
880 3074 958 3139 prae
987 3057 1098 3124 ceteris
1119 3061 1261 3122 amatum
1283 3055 1408 3133 iaciunt,

318 3165 382 3231 iam
405 3165 469 3232 dixi
493 3165 684 3231 translatum
706 3180 775 3232 esse
801 3163 842 3228 ad
870 3168 1013 3231 nostrum
1035 3165 1143 3244 exiis,
1175 3182 1257 3246 quas
1279 3166 1319 3232 de
1340 3166 1409 3231 Iove

201 3257 202 3261 ¹
319 3271 442 3340 Cretico
465 3279 645 3353 narrantur,
668 3272 756 3338 cuius
779 3273 924 3340 sacerdos
945 3292 964 3339 a
985 3273 1144 3340 nonnuliis
1165 3273 1407 3342 existimabatur.

318 3380 425 3448 Etiam
447 3380 700 3464 temperantiam
732 3382 832 3447 nostri
865 3382 982 3449 claram
1013 3381 1112 3450 inisse
1144 3382 1216 3450 inde
1243 3397 1405 3465 cognosces

318 3491 403 3573 quod
424 3490 614 3575 asphodelus
635 3489 851 3573 Epimenidius
866 3489 893 3574 ⁶)
915 3492 1097 3560 vocabatur.

417 3693 444 3762 1)
460 3690 628 3748 lamblichus
643 3690 702 3746 109.
720 3683 880 3748 Damasum
900 3693 960 3747 106.

416 3789 446 3861 2)
465 3787 578 3844 Lobeck
594 3807 622 3859 p.
635 3789 785 3845 aas-902.

415 3886 444 3959 a)
462 3884 605 3942 Fritrsche
623 3886 658 3942 ad
675 3885 819 3941 Theocriti
836 3885 887 3940 Vll
908 3885 951 3940 68.

413 3983 442 4052 4)
458 3982 551 4040 Lacr-t.
569 3983 649 4054 Diog.
668 3983 753 4037 1114.

413 4079 443 4150 b)
461 4078 633 4150 Theophrsst
649 4077 701 4136 VII
711 4081 753 4135 10.
775 4078 890 4134 Praeter
906 4077 1087 4134 Plutarchum
1105 4077 1140 4133 de
1156 4076 1229 4134 iscis
1246 4080 1299 4134 atu
1327 4073 1398 4133 Philo

314 4179 345 4231 st
363 4174 438 4231 Hero
447 4175 643 4246 Epimenidsos
654 4175 809 4231 trochiscos
826 4174 884 4230 sive
905 4173 1034 4245 pastillos
1051 4176 1268 4232 commemorant
1285 4174 1317 4232 in
1335 4169 1397 4230 obsi·

314 4270 444 4328 dionibus
469 4270 615 4342 deficiente
638 4287 748 4327 annone
772 4273 929 4341 opportuna
953 4269 1092 4328 adhibitos
1115 4287 1183 4328 esse.
1208 4266 1394 4330 Fabriciusli

313 4387 341 4441 p.
360 4370 403 4426 34.
421 4369 464 4425 sd.
481 4369 601 4425 Harlcss.
