3032 5086
552 530 684 584 ’17

123 715 189 779 quc
226 705 259 765 et
290 699 510 789 gravissimam
542 717 799 776 commemorem,
841 698 881 766 dc
913 699 1087 766 manifestis
1117 704 1225 767 antem

124 807 288 874 erroribus
308 809 494 892 plerumque
515 826 577 874 non
600 808 711 874 dicam.

578 1071 775 1080 ——-—

648 1381 700 1449 II.

230 1540 260 1620 ξ.
280 1544 306 1605 1.
330 1539 463 1606 Constat
482 1541 609 1625 quidem
631 1560 693 1609 uno
716 1541 854 1607 omnium
875 1548 1040 1610 auctorum
1062 1559 1227 1624 consensu,

124 1648 401 1732 Epimenidem
428 1649 546 1717 Creta
567 1652 606 1717 in
639 1652 771 1717 insula
801 1655 945 1717 natum
967 1669 1065 1731 esse,
1089 1651 1145 1716 sed
1169 1637 1237 1732 pa?

124 1758 226 1823 trium
250 1757 317 1823 cius
339 1758 489 1841 oppidum
510 1760 665 1826 incertum
695 1778 848 1826 essenon
871 1760 1073 1838 mirabimur,
1106 1759 1134 1824 si
1156 1776 1228 1825 con·

127 1865 390 1948 sideraverimus,
412 1885 452 1933 ne
475 1869 508 1933 in
530 1867 664 1935 Graecia
687 1867 815 1950 quidem
837 1867 951 1934 nedum
974 1867 1122 1933 increta
1153 1873 1229 1934 ante

125 1973 225 2039 finem
249 1975 366 2040 saeculi
388 1977 470 2042 sexti
486 1977 630 2043 extitisse
651 1976 825 2057 historicos,
848 1979 994 2043 nostrum
1015 1981 1132 2054 aulem,
1155 1994 1226 2041 cum

122 2100 222 2148 senex
243 2084 276 2148 in
290 2081 455 2150 Graeciam
476 2086 689 2169 processisset,
710 2085 923 2167 compluribus
944 2085 1070 2149 demum
1093 2083 1243 2149 saeculis

122 2195 200 2274 post
221 2211 241 2257 a
263 2210 369 2256 rerum
388 2192 611 2260 fabularumve
622 2193 827 2275 scriptoribus
843 2197 1122 2260 commemoratum
1144 2210 1224 2257 esse.

123 2299 172 2365 Ut
191 2300 286 2380 igitur
308 2301 384 2381 quid
404 2312 513 2367 verum
537 2303 577 2370 sit
599 2300 758 2368 affirmare
775 2321 836 2368 uon
850 2319 985 2383 possum,
1007 2303 1052 2366 ita
1073 2301 1147 2366 licet
1169 2301 1222 2367 de.

124 2415 299 2489 montrare‚
322 2411 493 2476 secundum
516 2430 554 2477 ea
575 2428 657 2492 quae
672 2410 790 2477 tradita
813 2414 898 2492 sunt,
919 2410 1058 2475 Phaesto
1073 2409 1224 2474 maiorem

127 2518 353 2584 auctoritatem
386 2535 482 2598 quam
508 2517 615 2585 Gnoso·
640 2537 710 2586 csse
739 2519 950 2584 tribuendam.
992 2519 1079 2583 Haec
1100 2516 1228 2598 quidem

124 2627 248 2691 maiore
269 2626 408 2692 locorum
425 2645 556 2694 numero
568 2627 815 2708 commendatur,
830 2646 900 2693 cum
914 2625 1062 2694 Gnosium
1084 2630 1228 2692 nostrum

125 2735 292 2817 appellent
313 2735 421 2801 haert.
444 2736 535 2820 Diog.
558 2737 655 2820 1109,
672 2737 864 2819 Apollonius,
888 2736 1036 2814 Valerius
1058 2734 1228 2811 Maximus

123 2844 250 2910 Plinius
261 2845 281 2908 l.
294 2843 314 2909 l.
327 2863 351 2910 c.
364 2863 399 2927 a,
423 2845 545 2923 suidas,
569 2845 717 2924 Eudocia,
738 2845 1048 2924 Pausanias114,4,
1073 2843 1129 2910 scd
1150 2843 1225 2924 quia

125 2955 266 3032 quatuor
276 2952 346 3019 illos
357 2954 477 3034 priores
490 2953 727 3035 Theopompum
743 2955 840 3035 sequi,
864 2954 995 3020 Suidam
1011 2957 1043 3018 et
1054 2949 1227 3017 Eudociam

126 3060 263 3128 eundem
278 3066 375 3144 atque
389 3061 493 3126 Laert.
505 3061 596 3144 Diog.
618 3059 738 3128 fontem
759 3061 874 3129 babere
896 3066 990 3126 antea
1004 3059 1229 3142 demonstravi,
1279 3141 1283 3149 ¹

125 3173 256 3252 praeter
277 3171 468 3237 Pausaniam
500 3172 827 3254 unusTheopompus
849 3161 928 3238 libro
951 3176 1062 3236 octavo
1088 3167 1228 3234 Onosum

126 3279 280 3344 nominat.
314 3279 362 3343 De
373 3277 510 3344 Phaesto
524 3279 639 3362 oppido
654 3279 730 3345 dicit
745 3278 859 3345 Strabo
873 3279 894 3343 l.
910 3295 935 3342 c.
952 3273 987 3342 a
1000 3275 1059 3365 τῆς
1071 3273 1227 3349 ΙΦαίστου

126 3380 187 3450 τὸν
207 3379 285 3462 τούς
310 3380 504 3469 καθαρμούς
531 3380 714 3475 ποιήσαντα
743 3381 797 3452 διὰ
818 3389 884 3451 τῶν
910 3383 1001 3451 ἐπῶν
1021 3375 1231 3467 Ἐπιμενίδην

128 3493 230 3581 φασὶν
248 3485 341 3576 εἶναι,
364 3500 396 3560 et
407 3495 600 3563 Plutarchus
614 3497 710 3562 initio
727 3496 959 3562 dissertationis
979 3511 1076 3575 quam
1098 3493 1138 3558 de
1160 3509 1230 3557 ora·

127 3602 271 3670 culorum
293 3603 419 3670 delectu
441 3605 565 3689 scripsit
574 3608 597 3684 ¹)
619 3604 838 3688 etcapitelllI
852 3601 1113 3669 vitacSoloneae.
1149 3601 1228 3666 Inde

127 3711 178 3779 Jo.
202 3712 330 3778 Tzetzes
352 3711 517 3779 historiam
541 3703 582 3780 de
602 3713 798 3796 Epimenidis
819 3712 1045 3779 vaticinatione
1064 3727 1129 3777 una
1157 3727 1229 3775 cum

128 3822 256 3887 nominc
289 3820 440 3902 hausitll.
488 3821 601 3903 ltaque
633 3834 705 3889 cunr
733 3821 953 3904 Theopompus
986 3824 1018 3885 et
1052 3817 1230 3886 Pausanias

130 3928 276 4011 (hosam,
310 3930 502 4013 Hermippus
524 3935 558 3996 et
589 3930 704 3997 Strabo
725 3930 900 3997 Phaestum
929 3927 1100 4007 nominent,
1127 3925 1232 3991 neutri

129 4038 215 4123 parti
236 4038 428 4107 auctoritate
449 4040 641 4121 scriptorum
662 4042 765 4107 maius
781 4043 976 4105 momentum
990 4036 1143 4103 tribuitur
1157 4022 1231 4115 quia

231 4292 257 4359 l)
277 4289 321 4344 ed.
339 4289 462 4358 Diibner,
480 4287 533 4344 vol.
552 4288 566 4344 1
583 4306 610 4359 p.
628 4288 690 4359 499,
708 4290 752 4343 29.

229 4385 258 4456 2)
277 4383 347 4440 (ihil.
365 4385 390 4440 V
409 4385 451 4455 18,
469 4385 522 4438 629
540 4401 581 4454 sq.
600 4384 684 4439 etiam
702 4381 840 4445 Eudocia:
859 4376 927 4434 κατὰ
947 4379 982 4434 δέ
998 4397 1072 4438 τινας
1087 4383 1228 4436 Φαίστιος.

1071 4493 1091 4554 2
