3032 5086
685 551 721 604 29

149 715 220 787 lere
249 724 345 802 putat
379 719 522 788 Clemens
546 716 779 788 Alexandrinus
792 721 831 802 ¹):
865 722 1018 801 quosdam
1050 721 1254 804 philosophos

149 828 320 910 poetarum
343 848 431 898 more
447 828 580 897 affectus
601 833 727 896 nostros
747 831 849 913 specie
870 830 1009 896 humana
1035 821 1180 912 induisse,
1202 831 1253 896 Ti·

147 956 272 1004 morem
294 935 452 1004 Gaudium
478 937 572 1021 Spem
588 931 701 1023 ὥσπερ
724 929 836 1020 datter
856 937 911 1002 καί
931 929 1136 1025 Ἐπιμενίδης
1158 933 1253 1005 ὅπα-

149 1039 254 1125 λαιός,
271 1040 419 1131 Ὕβρεως
441 1046 495 1112 καί
516 1038 699 1126 Ἀναιδείας
720 1039 904 1137 αἷναστὴσας
925 1041 1068 1131 βωμούς.
1105 1047 1190 1126 Quos
1205 1049 1252 1114 lo·

148 1173 204 1222 cos
226 1156 333 1221 sicum
344 1157 504 1224 Pausania
527 1157 739 1239 composueris
759 1159 879 1226 videbis
902 1179 939 1227 eo
961 1164 1104 1242 tempore
1116 1156 1251 1226 Athenis

146 1249 250 1347 prope
272 1265 482 1331 Eumenidum
507 1266 663 1348 templum
685 1267 765 1333 duos
788 1267 909 1350 lapides
931 1267 1037 1348 luisse,
1071 1267 1124 1348 qui
1156 1283 1250 1349 quem
1349 1288 1350 1291 ¹

149 1371 185 1437 in
210 1372 332 1439 iudiciis
362 1374 460 1440 sacris
491 1375 594 1440 locum
626 1375 796 1441 habuerint
827 1376 927 1453 refert
957 1376 1140 1454 Pausanias,
1173 1391 1252 1456 quus

151 1479 259 1548 Oicero
281 1500 355 1548 aras
367 1482 516 1550 credebat
527 1500 606 1550 esse.
635 1483 729 1550 Hunc
742 1483 1117 1566 quidenelclementem
1130 1482 1253 1548 Graeca

149 1591 281 1657 nomina
294 1608 357 1657 non
372 1596 457 1660 recte
468 1591 661 1659 intellexisse
675 1590 740 1658 iam
754 1591 876 1674 pridem
890 1591 1253 1660 docuitForchhammer

149 1699 172 1764 l.
196 1717 221 1766 c.
268 1699 433 1782 Significat
455 1701 536 1766 eninr
560 1700 619 1766 hoc
644 1696 714 1768 loco
734 1692 880 1765 ἀναίδεια
901 1705 1051 1782 negatam
1073 1701 1198 1765 veniam
1220 1703 1253 1764 et

149 1807 328 1890 legitimam
343 1809 375 1873 in
391 1809 610 1891 persequenda
624 1809 671 1874 rei
684 1809 882 1875 contumacia
897 1809 1128 1888 assiduitatem,
1150 1810 1184 1872 et
1205 1824 1253 1873 se·

147 1916 326 1996 veritatem,
340 1917 428 1983 cuius
447 1917 479 1980 in
501 1915 605 1997 lapide
628 1917 736 1982 stabat
757 1921 922 1983 accusator
943 1914 1163 1982 interfectoris.
1200 1915 1251 1980 Ex

140 2018 292 2109 Ὕβρεως
313 2030 420 2090 autem
443 2024 549 2107 lapide
571 2031 754 2092 accusatum
776 2025 879 2091 dicere
906 2025 1036 2091 tradidit
1067 2024 1256 2091 Pausanias.

147 2132 367 2216 Epimenidem
380 2134 489 2216 igitur,
501 2152 573 2199 cum
581 2132 738 2200 Ciceronis
750 2139 856 2200 aetate
876 2133 978 2201 dictus
988 2135 1030 2199 sit
1040 2133 1248 2211 constituisse,

146 2246 187 2308 ut
199 2242 355 2324 lapidibus
367 2242 437 2324 illis,
457 2243 512 2324 qui
532 2246 649 2308 natura
670 2242 729 2307 hoc
751 2243 818 2308 loco
839 2241 934 2324 positi
947 2247 1048 2321 erant,
1070 2242 1105 2308 in
1127 2239 1248 2306 iudiciis

144 2349 339 2432 capitalibus
350 2354 515 2416 accusator
537 2355 570 2416 et
588 2369 662 2416 reus
694 2349 843 2430 dicerent,
863 2351 1018 2417 credimus
1029 2351 1079 2416 his
1099 2351 1251 2416 maiorem

146 2457 302 2524 tribuisse
331 2458 538 2540 dignitatem,
569 2459 622 2524 vel
655 2476 763 2524 eorum
786 2459 987 2524 sanctitatem
1009 2476 1090 2525 nova
1112 2458 1250 2540 quadam

145 2566 339 2634 caerimonia
363 2567 500 2633 auxisse.

250 2673 460 2741 Eumenidum
488 2674 643 2755 templum
673 2673 856 2741 restitutum
888 2673 915 2738 si
939 2668 1076 2757 ἱλασμός
1096 2678 1154 2754 est,
1186 2689 1248 2756 quo

146 2780 211 2848 diis
231 2781 322 2846 iratis
342 2784 427 2849 iusta
447 2783 671 2866 reddebantur,
686 2782 791 2859 ,etiam
812 2783 874 2847 alia
889 2783 1045 2865 quaedam
1060 2780 1250 2848 caerimonia

145 2889 260 2954 eodem
289 2890 434 2972 pertinet.
476 2888 597 2955 Narrat
629 2890 710 2954 enim
742 2890 848 2955 Laert.
871 2889 1072 2972 Diog.1110
1097 2889 1249 2969 oppidum

143 3001 320 3066 lustratum
331 3000 607 3083 pestilentiamque
618 3000 777 3066 sublatam
797 3000 936 3066 essehoc
956 2998 1063 3066 modo:
1088 2999 1249 3081 »Sumpsit

145 3107 259 3188 nigras
281 3114 314 3174 et
333 3109 482 3175 candidas
502 3127 575 3176 oves
596 3107 751 3191 duxitque
771 3109 804 3172 in
829 3108 1031 3189 Areopagum
1058 3112 1155 3188 atquc
1176 3108 1249 3173 inde

145 3233 214 3297 quo
226 3217 342 3282 vellent
356 3218 403 3282 ire
424 3217 579 3299 permisit,
602 3217 745 3300 singulas
765 3216 945 3297 ubicunque
965 3215 1185 3282 accubuissent
1194 3234 1248 3299 pe·

144 3324 260 3392 culiari
283 3325 340 3392 deo
364 3325 424 3408 (τῶ
445 3319 646 3410 προςήκοντι
666 3323 754 3411 θεῷ)
780 3325 912 3391 mactari
936 3324 1091 3392 mandans
1113 3324 1163 3403 iis,
1193 3324 1249 3406 qui

146 3451 224 3501 oves
244 3435 373 3501 comites
395 3434 616 3518 sequebantur.
660 3435 759 3500 Exeo
772 3434 996 3516 iamnuncper
1009 3432 1249 3498 Atheniensium

144 3559 249 3624 pagos
275 3561 351 3611 arae
378 3543 445 3610 sine
470 3543 595 3612 nomine
617 3529 740 3627 (βωμοί
759 3534 935 3625 ἀνώνυμοι)
957 3541 1176 3622 inveniuntur,
1207 3540 1249 3607 ad
1363 3608 1365 3612 .

148 3651 333 3717 memoriam
354 3653 552 3718 lustrationis
572 3650 686 3719 illius«.
729 3653 830 3717 Erant
851 3650 990 3716 historici
1005 3650 1248 3730 illiustempore

146 3759 184 3826 in
205 3760 312 3826 Attica
334 3778 408 3826 arae
430 3761 497 3827 sine
517 3762 655 3842 nomine,
685 3777 765 3842 quas
791 3759 845 3824 illo
878 3759 970 3825 modo
1000 3758 1039 3824 ab
1062 3757 1248 3839 Epimenide

147 3869 262 3935 urbem
288 3871 445 3936 lustrante
467 3869 609 3936 conditas
635 3889 705 3937 esse
732 3869 886 3935 dicebant.
928 3868 1036 3960 Etiam
1058 3865 1248 3932 caerimonia

148 3977 406 4060 aLaertioDiog.
425 3978 547 4044 tradita
568 3977 653 4042 haud
675 3978 721 4043 ita
742 3976 876 4045 obscura
899 3979 950 4044 est
970 3981 1003 4042 et
1024 3975 1185 4057 aptissima
1206 3975 1248 4041 ad

147 4085 311 4169 parricidii
341 4087 466 4170 culpam
496 4087 696 4175 expiandam.
738 4084 821 4154 Oves
854 4091 887 4151 et
919 4085 1033 4150 arietes
1063 4082 1248 4150 mactabant

149 4196 205 4278 qui
227 4196 303 4262 deos
325 4197 419 4277 culpa
440 4195 551 4276 aliqua
576 4195 676 4261 iratos
698 4195 826 4276 placare
847 4194 964 4275 quique
985 4193 1046 4274 ipsi
1071 4209 1106 4258 se
1127 4190 1247 4273 expiari

252 4401 277 4468 1)
295 4397 452 4454 cohortatio
471 4398 507 4454 ad
524 4403 630 4471 gentes.
647 4415 675 4469 p.
686 4399 720 4451 22
740 4375 845 4452 Pottet.
863 4413 892 4466 p.
901 4398 936 4450 95
949 4397 980 4451 B.
999 4395 1104 4466 Migne.
