3032 5086
822 451 859 505 24

391 621 591 705 Quamquam
612 618 831 702 Epimenidem
859 614 1034 685 audivimus
1054 623 1176 702 septem
1197 619 1388 700 sapientium

293 731 458 812 aequalem
480 730 655 797 iudicatum
675 746 744 794 esse
775 733 808 795 et
830 727 947 813 Cylonii
973 729 1097 796 sceleris
1124 729 1273 809 expiandi
1294 745 1389 794 causa

290 840 380 906 iussu
407 837 526 904 oraculi
547 835 693 918 Delphici
714 835 856 901 Athenas
877 836 1009 917 venisse,
1030 840 1137 901 tamen
1156 835 1244 901 haud
1264 835 1327 900 scio
1350 852 1388 898 an

293 946 620 1030 epistolographorum
631 943 797 1026 Hermippi
808 943 974 1010 Plutarchi
994 945 1113 1009 incerta
1133 942 1309 1010 auctoritas
1319 960 1390 1009 con·

291 1056 463 1122 temnenda
484 1058 585 1135 esset,
607 1053 633 1120 si
655 1052 722 1119 loco
735 1052 880 1120 Platonis
898 1053 962 1118 iam
984 1051 1145 1134 laudat01)
1168 1071 1244 1118 vera
1266 1051 1391 1116 narrari

293 1162 485 1230 viderentur.
540 1161 659 1226 Narrat
695 1161 738 1226 ibi
771 1158 886 1226 Cliniae
919 1159 1010 1240 (hes,
1050 1161 1158 1228 decem
1191 1159 1284 1228 annis
1319 1163 1394 1224 ante

290 1271 409 1340 bellum
427 1268 590 1337 Persicum
602 1268 818 1352 Epimenidem
841 1268 941 1334 virum
965 1267 1104 1335 divinum
1114 1270 1257 1335 Athenas
1267 1269 1390 1335 venisse

293 1379 421 1447 coneilio
449 1377 583 1459 oraculi,
616 1377 721 1460 ibique
743 1374 896 1446 sacrificia
926 1378 1082 1458 quaedam
1106 1395 1126 1442 9
1157 1375 1215 1443 deo
1241 1377 1391 1442 instituta

291 1486 411 1556 fecisse.
465 1485 609 1553 Eundem
647 1482 892 1552 Atheniensibus
928 1483 1098 1551 Persarum
1132 1485 1291 1566 impetum
1327 1501 1390 1549 me

292 1594 454 1662 tuentibus
475 1593 677 1676 praedixisse,
702 1591 809 1660 hostes
825 1597 899 1659 ante
918 1593 1071 1659 decimum
1093 1611 1211 1660 annum
1233 1611 1296 1660 non
1317 1609 1392 1656 ren-

291 1709 381 1772 turos
412 1721 495 1781 cese,
531 1702 558 1770 si
591 1708 699 1770 autem
728 1700 870 1767 futurum
904 1703 947 1768 sit
973 1706 1010 1768 ut
1034 1703 1176 1783 veniant,
1209 1703 1282 1785 plus
1315 1700 1393 1767 mali

293 1829 445 1894 passuros
468 1829 563 1891 quam
585 1811 724 1878 facturos
745 1828 822 1880 esse.
848 1809 945 1877 Addit
966 1830 1002 1878 eo
1025 1815 1168 1892 tempore
1190 1809 1298 1876 Cretes
1320 1828 1393 1876 cum

293 1918 541 1987 Atheniensibus
571 1918 743 2002 hospitium
776 1919 916 1985 iunxisse
946 1924 979 1985 et
1006 1920 1175 1985 amicitiam
1205 1920 1294 1985 illam
1327 1938 1394 1986 ser·

158 2082 162 2090 .
293 2027 424 2095 cavisse.
481 2027 575 2092 Initio
607 2027 673 2093 dixi
718 2031 803 2092 recte
835 2026 989 2092 Zellerum
1027 2027 1167 2106 aliosque
1198 2029 1396 2108 exposuisse,

295 2134 462 2200 Platonem
484 2132 587 2201 facere
599 2134 816 2216 Epimenidem
828 2133 969 2201 Athenas
983 2133 1159 2200 venientem
1173 2135 1280 2201 decem
1301 2135 1396 2202 annis

294 2249 369 2308 ante
401 2259 497 2323 quam
528 2243 646 2309 Persae
681 2241 820 2307 Atticam
853 2240 1113 2324 aggrederentur,
1150 2242 1182 2306 id
1212 2242 1297 2322 quod
1328 2240 1397 2308 iac-

294 2354 362 2416 tam
394 2353 444 2417 est
470 2366 579 2430 pugna
605 2346 814 2412 Marathonia.
865 2346 953 2424 Quae
983 2365 1053 2412 cum
1085 2365 1192 2413 mense
1223 2348 1398 2431 septembri

298 2458 372 2523 anni
396 2461 459 2523 490
482 2457 649 2525 commissa
671 2456 722 2538 sit,
744 2455 869 2523 duobus
894 2458 986 2522 annis
1019 2460 1092 2523 ante
1113 2455 1297 2524 Mardonius
1324 2476 1398 2539 pro-

295 2563 398 2632 iectus
421 2571 470 2633 est
491 2569 562 2646 492,
590 2564 711 2631 duobus
730 2569 836 2631 autem
861 2571 937 2631 ante
962 2565 1045 2630 bunc
1070 2567 1159 2632 annis
1189 2565 1319 2632 Miletus
1342 2585 1399 2632 ex·

294 2677 439 2755 pugnata
460 2676 531 2740 494.
572 2672 660 2738 ldem
682 2670 801 2748 factum
824 2678 872 2739 est
893 2678 983 2740 sexto
1005 2673 1162 2739 tumultus
1178 2673 1275 2738 Ionici
1297 2691 1398 2739 anno:

295 2799 361 2862 qua
372 2799 408 2846 re
421 2798 504 2847 anno
517 2785 579 2846 499
590 2780 706 2846 bellum
718 2780 796 2846 illud
818 2784 923 2846 ortum
946 2799 1014 2848 esse
1036 2785 1168 2848 constat.
1189 2779 1399 2846 Athenienses

293 2889 391 2970 igitur
427 2907 490 2954 non
521 2888 660 2954 dicemus
691 2887 810 2974 bellum
832 2889 994 2956 Persicum
1025 2890 1169 2956 timuisse
1201 2893 1276 2954 ante
1300 2886 1398 2954 finem

295 2996 369 3062 anni
391 3000 463 3077 499,
484 3001 652 3078 postquam
664 2995 817 3063 Sardibus
839 2997 1029 3080 expugnatis
1050 2999 1157 3081 copiae
1179 3015 1287 3062 eorum
1310 2997 1412 3080 apud,

296 3105 458 3186 Ephesum
481 3103 624 3171 devictae
645 3110 745 3170 erant.
776 3105 882 3171 Antea
902 3107 984 3171 enim
1005 3106 1032 3172 si
1053 3107 1155 3173 timidi
1166 3104 1308 3186 fuissent,
1332 3124 1399 3172 non

296 3214 502 3295 Aristagorae
536 3215 656 3294 petenti
681 3213 791 3295 viginti
818 3233 916 3282 naves
944 3213 1153 3299 dedissent2),
1194 3232 1273 3294 quas
1306 3214 1399 3280 clade

294 3326 426 3404 accepta
449 3321 532 3386 domi
560 3321 748 3387 retinebant.
791 3322 859 3388 Hoc
882 3322 1001 3389 iactum
1035 3330 1083 3390 est
1112 3324 1171 3389 sub
1200 3323 1294 3388 finem
1321 3325 1400 3390 anni

296 3435 371 3496 ante
407 3447 547 3512 pugnam
569 3427 803 3496 Marathoniam
827 3431 949 3497 decimi.
991 3431 1099 3498 Abeo
1126 3434 1232 3498 autem
1254 3435 1401 3514 tempore

293 3555 355 3603 non
378 3537 563 3604 crediderim
587 3555 641 3605 ecs
661 3538 834 3620 hospitium
864 3545 898 3606 et
929 3541 1100 3607 amicitiam
1128 3559 1199 3607 cum
1223 3539 1330 3622 aliqua
1353 3541 1397 3606 ci-

295 3647 397 3712 uitate
419 3635 567 3728 iunxisse,
589 3646 649 3713 nisi
668 3648 823 3730 promisso
851 3648 960 3716 eodem
983 3654 1124 3731 tempore
1144 3647 1263 3714 auxilio
1286 3653 1398 3715 contra

298 3754 431 3835 Persas,
459 3753 542 3836 quod
569 3752 678 3821 Cretes
698 3761 773 3821 ante
793 3758 965 3823 secundum
995 3757 1115 3823 bellum
1139 3756 1299 3822 Persicum
1332 3773 1397 3822 non

298 3863 493 3942 dederuntt).
525 3863 591 3929 Nec
612 3864 712 3930 solum
724 3864 866 3932 Platonis
887 3865 974 3932 locas
987 3884 1045 3947 per
1056 3867 1166 3948 seipse
1186 3866 1397 3947 suspicionem

394 4102 421 4174 1)
440 4103 494 4175 leg.
516 4104 600 4160 1642
613 4103 647 4159 b.
662 4103 726 4160 vide
745 4106 848 4175 pbsq.

392 4200 421 4268 9)
438 4199 564 4256 Herodot
583 4201 652 4256 V97
670 4204 699 4256 et
718 4204 777 4259 108.

395 4293 423 4364 8)
442 4293 567 4354 Herodot
584 4295 687 4355 vnce.
