3032 5086
827 486 844 540 6

288 660 434 743 exposita
444 663 527 741 sunt,
543 663 580 724 ut
590 659 691 742 magis
706 659 786 724 haec
798 657 933 740 legenda
947 657 1020 735 sint,
1035 675 1132 740 quam
1149 675 1231 724 nora
1245 655 1401 740 quaestio

287 767 490 836 instituenda.

397 879 512 944 Aetate
525 877 620 959 longe
632 878 755 959 primus
763 876 980 960 Epimenidem
996 875 1253 957 commemorarit
1265 873 1375 940 Xeno
1388 911 1402 921 -

290 987 445 1070 phanes
467 985 689 1070 Colophonius,
710 1004 805 1068 quem
825 984 1044 1069 philosophum
1065 987 1176 1071 notum
1198 988 1248 1050 est
1267 983 1403 1052 scholae
1509 1063 1510 1084 Χ

292 1094 453 1161 Eleatieae
472 1098 635 1160 auctorem
659 1094 765 1161 hrisse.
800 1095 926 1161 Floruit
939 1099 1046 1159 antem
1067 1098 1151 1160 teste
1165 1093 1358 1176 Apollodoro
1371 1091 1400 1174 ¹)
1509 1087 1510 1110 *

292 1204 376 1270 eirca
397 1203 608 1286 olympiadem
628 1201 693 1282 Lll,
715 1203 736 1267 i.
752 1221 778 1268 e.
795 1205 856 1266 540
871 1220 900 1267 a.
915 1199 949 1266 0.
966 1220 1006 1279 n.,
1031 1217 1094 1281 quo
1115 1204 1258 1280 tempore
1280 1197 1360 1262 Elea
1377 1217 1401 1262 a

293 1310 544 1378 Phocaeensibus
565 1309 759 1394 fugientibus
786 1311 820 1375 in
842 1307 960 1391 Magna
991 1307 1125 1374 Graecia
1154 1307 1282 1372 condita
1315 1311 1399 1370 erat.

296 1420 371 1488 Vita
395 1420 462 1487 eins
483 1420 666 1503 longissima
688 1419 817 1485 durarit
840 1435 940 1498 usque
963 1416 1003 1484 ad
1017 1415 1187 1482 Hieronem
1212 1418 1400 1498 tyrannum,

293 1528 376 1596 cirea
399 1528 441 1594 ol.
454 1527 610 1594 LXXVII.
644 1527 734 1606 Quod
752 1525 858 1592 Laert.
874 1525 964 1608 Diog.
976 1524 1021 1590 IX
1037 1527 1076 1588 18
1089 1541 1161 1587 eum
1181 1521 1259 1588 dicit
1268 1522 1399 1590 Thaleti

293 1641 325 1703 et
354 1636 554 1720 Pythagorae
580 1636 761 1702 oblocutum
792 1639 825 1700 et
843 1632 1068 1716 ¹Epimenidem
1101 1650 1288 1715 aggressum
1317 1649 1400 1722 esse,
1509 1621 1510 1648 *

293 1765 366 1813 non
399 1745 527 1812 maioris
562 1746 713 1811 momenti
754 1749 803 1811 est
832 1761 928 1826 quam
963 1744 1039 1825 alia,
1086 1759 1169 1826 quae
1211 1740 1251 1806 de
1293 1740 1400 1822 philo-

297 1850 469 1933 sophorum
500 1850 673 1918 inimicitiis
706 1856 740 1917 et
775 1850 853 1919 rixis
887 1851 1067 1918 traduntur.
1122 1851 1399 1934 Pythagoreorum

294 1960 421 2042 quidem
443 1958 636 2037 doctrinam,
671 1977 733 2024 non
762 1959 892 2026 interire
929 1956 1051 2026 animos
1079 1940 1134 2024 sed
1156 1977 1197 2025 ex
1217 1941 1400 2023 hominihus

294 2069 429 2135 mortuis
451 2069 483 2133 in
505 2067 568 2133 alia
588 2084 723 2148 corpora
741 2067 887 2148 transire,
910 2067 976 2132 vari
990 2085 1053 2133 non
1068 2067 1222 2135 dissimile
1238 2072 1288 2132 est
1304 2065 1345 2132 ab
1359 2085 1400 2131 eo

188 2189 191 2194 '
288 2167 514 2258 ⁴impugnatam
536 2193 619 2258 esse,
652 2193 724 2241 curn
755 2175 838 2239 inter
867 2193 975 2240 omnes
1003 2173 1072 2240 fere
1099 2180 1223 2243 constet
1245 2174 1305 2240 hoc
1331 2174 1400 2240 iarn
1509 2237 1510 2240 ,

294 2285 396 2367 ipsum
419 2283 635 2366 Pythagoram
662 2283 813 2350 docuisse.
868 2283 934 2350 Nee
960 2283 1064 2349 minus
1091 2283 1300 2366 Xenophanes
1332 2287 1399 2352 iam

295 2397 364 2458 tum
387 2393 473 2459 lama
494 2393 636 2474 accipere
658 2392 772 2476 potuit,
794 2391 1011 2474 Epimenidem
1031 2395 1090 2456 154
1105 2410 1205 2480 annos
1228 2385 1355 2461 risisse.

394 2501 487 2567 Hunc
502 2500 645 2582 sequitur
659 2499 838 2567 Leander
852 2499 1003 2582 Milesius,
1023 2518 1117 2583 quem
1138 2503 1193 2568 alii
1205 2503 1400 2568 Leandrium
1509 2489 1510 2546 l

296 2611 351 2677 alii
381 2610 603 2676 Maeandrium
634 2613 771 2676 vocant:
810 2610 986 2689 composuit
1022 2612 1127 2675 autem
1162 2611 1245 2678 eirca
1279 2599 1401 2676 annum

296 2740 327 2786 a.
340 2719 373 2786 G.
385 2739 415 2784 n.
430 2721 492 2782 400
509 2709 707 2801 Μιλησιακά,
731 2717 845 2797 quibus
868 2715 1025 2799 Apollinis
1046 2717 1216 2800 Didymaei
1243 2711 1400 2802 templum
1509 2741 1510 2820 }

296 2827 476 2895 describens
497 2830 555 2892 ant
565 2825 733 2891 Thaletem
754 2822 889 2891 laudans
911 2828 1031 2904 septem
1052 2827 1243 2908 sapientium
1262 2827 1401 2892 mentio·
1509 2823 1510 2848 ¹

203 2989 205 2992 .
296 2956 369 3003 nem
403 2935 489 3002 iacit.
541 2934 625 3001 Dicit
651 2935 734 3000 enirn
763 2929 799 3000 eo
829 2935 861 2998 in
892 2951 1024 3000 numero
1057 2953 1119 3000 non
1149 2933 1335 3001 Cleobulum
1365 2939 1401 3001 et

297 3047 461 3128 Mysonem
481 3044 538 3110 sed
558 3033 779 3124 Leophautum
807 3047 840 3109 et
863 3043 1080 3124 Epimenidem
1102 3041 1247 3127 fuisser),
1275 3061 1339 3125 qua
1357 3063 1400 3124 ,re

297 3172 359 3219 non
379 3151 511 3220 dubium
531 3157 598 3233 est,
629 3151 705 3233 quin
732 3152 815 3216 hunc
846 3151 988 3220 Thaletis
1021 3157 1055 3218 et
1080 3151 1201 3219 Solonis
1232 3154 1399 3234 aequalem

299 3283 369 3330 esse
391 3260 567 3328 crediderit.
610 3258 731 3325 Deinde
754 3259 883 3342 Plato,
906 3261 946 3327 de
969 3262 1030 3344 leg.
1051 3260 1100 3327 III
1118 3263 1238 3342 66711,
1262 3281 1401 3329 comme·

298 3376 410 3452 morat,
433 3375 577 3437 nostrum
600 3370 632 3434 in
654 3369 740 3436 victu
762 3369 911 3450 cultuque
933 3371 1025 3437 valde
1046 3376 1277 3452 temperantem
1291 3371 1399 3453 ¹fuisse,

298 3486 332 3548 et
351 3481 413 3564 leg.
436 3479 527 3546 1642
543 3479 581 3546 Ι).
605 3480 713 3546 decem
734 3479 825 3544 annis
845 3482 919 3545 ante
940 3478 1058 3544 bellum
1080 3479 1241 3547 Persicum
1254 3479 1400 3548 Athenas

298 3608 372 3655 enm
397 3589 529 3656 venisse.
566 3587 664 3666 'Quod
686 3588 831 3670 quamvis
859 3588 1014 3677 discrepet
1034 3589 1075 3656 ab
1096 3589 1152 3669 iia,
1182 3605 1264 3670 quae
1285 3589 1401 3671 reliqui

264 3743 265 3754 κ
299 3699 470 3780 scriptores
494 3696 534 3762 de
556 3697 750 3781 Epimenidis
771 3703 915 3781 tempore
936 3699 1146 3783 tradiderunt,
1171 3702 1280 3764 tamen
1301 3698 1399 3766 rerba

300 3826 363 3874 non
387 3812 537 3887 corrupta
567 3824 636 3874 esse
662 3807 865 3874 librariorum
895 3807 1037 3875 socordia
1070 3806 1142 3873 inde
1171 3807 1397 3890 cognoscimus,

299 3916 384 4001 quod
406 3915 531 3999 saepius
554 3933 590 3982 eo
611 3916 679 3982 loco
699 3915 783 3981 idem
805 3933 954 3982 numerus
975 3915 1101 4000 legitur,
1123 3919 1155 3982 et
1175 3911 1240 3981 iam
1252 3914 1398 3982 Clemens
1509 3933 1510 3976 r

301 4081 499 4092 ——n——u

400 4170 425 4238 1)
442 4167 526 4236 Diels,
544 4166 636 4224 Ueber
653 4165 822 4237 Apollodoro
836 4165 979 4223 Chronica.
998 4165 1095 4221 Rhein.
1114 4165 1184 4220 Mus.
1202 4164 1235 4220 N.
1249 4164 1281 4220 P.
1292 4164 1391 4220 XXXI.

321 4305 327 4319 .
347 4269 381 4320 21
401 4283 414 4320 s
435 4302 441 4316 .
1015 4265 1020 4276 ’

301 4283 320 4337 p
398 4281 434 4430 231
444 4359 537 4415 Laert.
555 4359 636 4431 Diog.
655 4360 668 4415 l
687 4361 729 4416 41.
747 4357 831 4415 Solon
850 4376 877 4440 p.
892 4358 952 4427 166,
972 4357 1016 4412 26.
1034 4356 1145 4412 Bohran
1162 4358 1181 4413 1.
1200 4373 1223 4412 o
1240 4374 1268 4427 p.
1291 4358 1314 4410 1.
