<?xml version="1.0" encoding="UTF-8"?>
<!DOCTYPE html PUBLIC "-//W3C//DTD XHTML 1.0 Transitional//EN"
    "http://www.w3.org/TR/xhtml1/DTD/xhtml1-transitional.dtd">
<html xmlns="http://www.w3.org/1999/xhtml" xml:lang="en" lang="en">
 <head>
  <title>
</title>
<meta http-equiv="Content-Type" content="text/html;charset=utf-8" />
  <meta name='ocr-system' content='tesseract 3.04.00' />
  <meta name='ocr-capabilities' content='ocr_page ocr_carea ocr_par ocr_line ocrx_word'/>
</head>
<body>
  <div class='ocr_page' id='page_1' title='image "./deepimenidecret01schugoog_0036.png"; bbox 0 0 3032 5086; ppageno 0'>
   <div class='ocr_carea' id='block_1_1' title="bbox 679 526 713 580">
    <p class='ocr_par' dir='ltr' id='par_1_1' title="bbox 679 526 713 580">
     <span class='ocr_line' id='line_1_1' title="bbox 679 526 713 580; baseline -0.059 0"><span class='ocrx_word' id='word_1_1' title='bbox 679 526 713 580; x_wconf 77' lang='lat'>81</span> 
     </span>
    </p>
   </div>
   <div class='ocr_carea' id='block_1_2' title="bbox 129 685 1292 3376">
    <p class='ocr_par' dir='ltr' id='par_1_2' title="bbox 129 685 1292 3376">
     <span class='ocr_line' id='line_1_2' title="bbox 142 685 1243 776; baseline 0.01 -24"><span class='ocrx_word' id='word_1_2' title='bbox 142 705 233 755; x_wconf 91' lang='lat' dir='ltr'>nem</span> <span class='ocrx_word' id='word_1_3' title='bbox 254 686 527 770; x_wconf 89' lang='lat' dir='ltr'>sacrificandi,</span> <span class='ocrx_word' id='word_1_4' title='bbox 556 709 644 774; x_wconf 65' lang='lat' dir='ltr'>‚qnae</span> <span class='ocrx_word' id='word_1_5' title='bbox 672 692 781 758; x_wconf 89' lang='lat' dir='ltr'>estin</span> <span class='ocrx_word' id='word_1_6' title='bbox 811 691 908 760; x_wconf 81' lang='lat' dir='ltr'>verbo</span> <span class='ocrx_word' id='word_1_7' title='bbox 929 685 1026 759; x_wconf 75' lang='grc' dir='ltr'><strong><em>θύειν</em></strong></span> <span class='ocrx_word' id='word_1_8' title='bbox 1054 693 1243 776; x_wconf 85' lang='lat' dir='ltr'>reseruntur,</span> 
     </span>
     <span class='ocr_line' id='line_1_3' title="bbox 141 789 1244 882; baseline 0.008 -21"><span class='ocrx_word' id='word_1_9' title='bbox 141 795 163 861; x_wconf 81' lang='grc' dir='ltr'>ὁ</span> <span class='ocrx_word' id='word_1_10' title='bbox 185 789 362 882; x_wconf 58' lang='lat' dir='ltr'>apochran</span> <span class='ocrx_word' id='word_1_11' title='bbox 382 797 464 875; x_wconf 74' lang='grc' dir='ltr'><strong><em>θεός</em></strong></span> <span class='ocrx_word' id='word_1_12' title='bbox 485 803 533 865; x_wconf 91' lang='lat' dir='ltr'>est</span> <span class='ocrx_word' id='word_1_13' title='bbox 554 800 591 880; x_wconf 87' lang='lat' dir='ltr'>is,</span> <span class='ocrx_word' id='word_1_14' title='bbox 615 800 664 867; x_wconf 88' lang='lat' dir='ltr'>cui</span> <span class='ocrx_word' id='word_1_15' title='bbox 688 801 876 868; x_wconf 87' lang='lat' dir='ltr'>sacrificium</span> <span class='ocrx_word' id='word_1_16' title='bbox 895 803 1039 869; x_wconf 90' lang='lat' dir='ltr'>debetur.</span> <span class='ocrx_word' id='word_1_17' title='bbox 1081 803 1147 869; x_wconf 88' lang='lat' dir='ltr'>Nec</span> <span class='ocrx_word' id='word_1_18' title='bbox 1169 821 1244 870; x_wconf 90' lang='lat' dir='ltr'>vero</span> 
     </span>
     <span class='ocr_line' id='line_1_4' title="bbox 140 906 1244 992; baseline 0.01 -23"><span class='ocrx_word' id='word_1_19' title='bbox 140 908 221 972; x_wconf 89' lang='lat' dir='ltr'>tunc</span> <span class='ocrx_word' id='word_1_20' title='bbox 240 906 340 989; x_wconf 91' lang='lat' dir='ltr'>liquet</span> <span class='ocrx_word' id='word_1_21' title='bbox 359 925 436 974; x_wconf 90' lang='lat' dir='ltr'>num</span> <span class='ocrx_word' id='word_1_22' title='bbox 456 909 501 974; x_wconf 91' lang='lat' dir='ltr'>ita</span> <span class='ocrx_word' id='word_1_23' title='bbox 523 910 642 975; x_wconf 89' lang='lat' dir='ltr'>dictum</span> <span class='ocrx_word' id='word_1_24' title='bbox 670 909 727 989; x_wconf 91' lang='lat' dir='ltr'>sit,</span> <span class='ocrx_word' id='word_1_25' title='bbox 756 910 840 992; x_wconf 88' lang='lat' dir='ltr'>quod</span> <span class='ocrx_word' id='word_1_26' title='bbox 862 911 1062 992; x_wconf 83' lang='lat' dir='ltr'><strong>Epimenides</strong></span> <span class='ocrx_word' id='word_1_27' title='bbox 1088 912 1156 992; x_wconf 88' lang='lat' dir='ltr'>ipsa</span> <span class='ocrx_word' id='word_1_28' title='bbox 1187 929 1244 980; x_wconf 77' lang='lat' dir='ltr'>ne-</span> 
     </span>
     <span class='ocr_line' id='line_1_5' title="bbox 140 1014 1242 1101; baseline 0.009 -22"><span class='ocrx_word' id='word_1_29' title='bbox 140 1014 274 1095; x_wconf 82' lang='lat' dir='ltr'>sciebat,</span> <span class='ocrx_word' id='word_1_30' title='bbox 293 1016 346 1096; x_wconf 87' lang='lat' dir='ltr'>qui</span> <span class='ocrx_word' id='word_1_31' title='bbox 359 1017 437 1083; x_wconf 84' lang='lat' dir='ltr'>deus</span> <span class='ocrx_word' id='word_1_32' title='bbox 451 1022 582 1100; x_wconf 92' lang='lat' dir='ltr'>propter</span> <span class='ocrx_word' id='word_1_33' title='bbox 603 1019 729 1084; x_wconf 88' lang='lat' dir='ltr'>caedem</span> <span class='ocrx_word' id='word_1_34' title='bbox 743 1037 821 1100; x_wconf 90' lang='lat' dir='ltr'>prae</span> <span class='ocrx_word' id='word_1_35' title='bbox 837 1019 950 1086; x_wconf 88' lang='lat' dir='ltr'>ceteris</span> <span class='ocrx_word' id='word_1_36' title='bbox 969 1018 1082 1101; x_wconf 86' lang='lat' dir='ltr'>oppido</span> <span class='ocrx_word' id='word_1_37' title='bbox 1093 1020 1242 1089; x_wconf 86' lang='lat' dir='ltr'>irascere-</span> 
     </span>
     <span class='ocr_line' id='line_1_6' title="bbox 143 1121 1242 1207; baseline 0.004 -19"><span class='ocrx_word' id='word_1_38' title='bbox 143 1125 209 1206; x_wconf 85' lang='lat' dir='ltr'><strong>tur,</strong></span> <span class='ocrx_word' id='word_1_39' title='bbox 222 1141 264 1188; x_wconf 92' lang='lat' dir='ltr'>an</span> <span class='ocrx_word' id='word_1_40' title='bbox 275 1121 442 1190; x_wconf 90' lang='lat' dir='ltr'>historicus</span> <span class='ocrx_word' id='word_1_41' title='bbox 455 1122 584 1205; x_wconf 86' lang='lat' dir='ltr'>quidam</span> <span class='ocrx_word' id='word_1_42' title='bbox 596 1123 699 1190; x_wconf 88' lang='lat' dir='ltr'>minus</span> <span class='ocrx_word' id='word_1_43' title='bbox 711 1128 868 1204; x_wconf 89' lang='lat' dir='ltr'>accurate,</span> <span class='ocrx_word' id='word_1_44' title='bbox 880 1126 1005 1191; x_wconf 92' lang='lat' dir='ltr'>nomine</span> <span class='ocrx_word' id='word_1_45' title='bbox 1017 1131 1104 1193; x_wconf 90' lang='lat' dir='ltr'>certo</span> <span class='ocrx_word' id='word_1_46' title='bbox 1117 1127 1242 1207; x_wconf 91' lang='lat' dir='ltr'>omisso,</span> 
     </span>
     <span class='ocr_line' id='line_1_7' title="bbox 138 1231 1243 1320; baseline 0.005 -22"><span class='ocrx_word' id='word_1_47' title='bbox 138 1231 334 1316; x_wconf 82' lang='lat' dir='ltr'>peculiarem</span> <span class='ocrx_word' id='word_1_48' title='bbox 356 1233 452 1299; x_wconf 84' lang='lat' dir='ltr'>doum</span> <span class='ocrx_word' id='word_1_49' title='bbox 486 1232 662 1316; x_wconf 88' lang='lat' dir='ltr'>significare</span> <span class='ocrx_word' id='word_1_50' title='bbox 688 1233 838 1320; x_wconf 73' lang='lat' dir='ltr'>poluerit,</span> <span class='ocrx_word' id='word_1_51' title='bbox 869 1233 919 1301; x_wconf 90' lang='lat' dir='ltr'>cui</span> <span class='ocrx_word' id='word_1_52' title='bbox 943 1235 1062 1301; x_wconf 88' lang='lat' dir='ltr'>talibus</span> <span class='ocrx_word' id='word_1_53' title='bbox 1088 1235 1121 1300; x_wconf 94' lang='lat' dir='ltr'>in</span> <span class='ocrx_word' id='word_1_54' title='bbox 1145 1235 1243 1309; x_wconf 82' lang='lat' dir='ltr'>rebus</span> 
     </span>
     <span class='ocr_line' id='line_1_8' title="bbox 141 1339 1244 1424; baseline 0.001 -17"><span class='ocrx_word' id='word_1_55' title='bbox 141 1359 236 1407; x_wconf 89' lang='lat' dir='ltr'>sacra</span> <span class='ocrx_word' id='word_1_56' title='bbox 257 1339 325 1408; x_wconf 87' lang='lat' dir='ltr'>fieri</span> <span class='ocrx_word' id='word_1_57' title='bbox 346 1346 379 1407; x_wconf 91' lang='lat' dir='ltr'>et</span> <span class='ocrx_word' id='word_1_58' title='bbox 400 1359 473 1408; x_wconf 91' lang='lat' dir='ltr'>aras</span> <span class='ocrx_word' id='word_1_59' title='bbox 499 1341 591 1408; x_wconf 89' lang='lat' dir='ltr'>condi</span> <span class='ocrx_word' id='word_1_60' title='bbox 617 1341 666 1408; x_wconf 85' lang='lat' dir='ltr'>fas</span> <span class='ocrx_word' id='word_1_61' title='bbox 697 1345 795 1408; x_wconf 87' lang='lat' dir='ltr'>esset&#39;</span> <span class='ocrx_word' id='word_1_62' title='bbox 832 1341 885 1408; x_wconf 91' lang='lat' dir='ltr'>Ita</span> <span class='ocrx_word' id='word_1_63' title='bbox 905 1343 1016 1424; x_wconf 87' lang='lat' dir='ltr'>Argivi</span> <span class='ocrx_word' id='word_1_64' title='bbox 1039 1343 1135 1412; x_wconf 90' lang='lat' dir='ltr'>caede</span> <span class='ocrx_word' id='word_1_65' title='bbox 1156 1343 1244 1421; x_wconf 86' lang='lat' dir='ltr'>mille</span> 
     </span>
     <span class='ocr_line' id='line_1_9' title="bbox 135 1441 1241 1532; baseline 0.003 -17"><span class='ocrx_word' id='word_1_66' title='bbox 135 1449 305 1526; x_wconf 89' lang='lat' dir='ltr'>hominum</span> <span class='ocrx_word' id='word_1_67' title='bbox 331 1451 363 1515; x_wconf 94' lang='lat' dir='ltr'>in</span> <span class='ocrx_word' id='word_1_68' title='bbox 391 1469 449 1516; x_wconf 88' lang='lat' dir='ltr'>sua</span> <span class='ocrx_word' id='word_1_69' title='bbox 479 1441 584 1532; x_wconf 90' lang='lat' dir='ltr'>patria</span> <span class='ocrx_word' id='word_1_70' title='bbox 606 1469 627 1515; x_wconf 94' lang='lat' dir='ltr'>a</span> <span class='ocrx_word' id='word_1_71' title='bbox 648 1450 770 1517; x_wconf 89' lang='lat' dir='ltr'>civibus</span> <span class='ocrx_word' id='word_1_72' title='bbox 799 1450 884 1516; x_wconf 89' lang='lat' dir='ltr'>lacta</span> <span class='ocrx_word' id='word_1_73' title='bbox 906 1450 994 1516; x_wconf 93' lang='lat' dir='ltr'>inter</span> <span class='ocrx_word' id='word_1_74' title='bbox 1020 1451 1085 1516; x_wconf 90' lang='lat' dir='ltr'>alia</span> <span class='ocrx_word' id='word_1_75' title='bbox 1104 1452 1241 1519; x_wconf 84' lang='lat' dir='ltr'>remedia</span> 
     </span>
     <span class='ocr_line' id='line_1_10' title="bbox 139 1549 1240 1644; baseline 0.001 -21"><span class='ocrx_word' id='word_1_76' title='bbox 139 1558 210 1624; x_wconf 91' lang='lat' dir='ltr'>Iovi</span> <span class='ocrx_word' id='word_1_77' title='bbox 226 1556 384 1644; x_wconf 81' lang='grc' dir='ltr'><em>Μειλιχίῳ</em></span> <span class='ocrx_word' id='word_1_78' title='bbox 407 1549 548 1624; x_wconf 86' lang='lat' dir='ltr'>statuam</span> <span class='ocrx_word' id='word_1_79' title='bbox 569 1578 588 1624; x_wconf 89' lang='lat' dir='ltr'>a</span> <span class='ocrx_word' id='word_1_80' title='bbox 609 1556 762 1640; x_wconf 88' lang='lat' dir='ltr'>Polyclito</span> <span class='ocrx_word' id='word_1_81' title='bbox 780 1558 954 1639; x_wconf 79' lang='lat' dir='ltr'>perfectam</span> <span class='ocrx_word' id='word_1_82' title='bbox 976 1558 1201 1626; x_wconf 86' lang='lat' dir='ltr'>dedicaverunt</span> <span class='ocrx_word' id='word_1_83' title='bbox 1208 1563 1240 1642; x_wconf 87' lang='lat'>¹),</span> 
     </span>
     <span class='ocr_line' id='line_1_11' title="bbox 139 1667 1240 1752; baseline -0.001 -18"><span class='ocrx_word' id='word_1_84' title='bbox 139 1672 174 1734; x_wconf 86' lang='lat' dir='ltr'>et</span> <span class='ocrx_word' id='word_1_85' title='bbox 197 1667 356 1749; x_wconf 82' lang='lat' dir='ltr'>Tegeatae</span> <span class='ocrx_word' id='word_1_86' title='bbox 377 1667 515 1749; x_wconf 85' lang='lat' dir='ltr'>Scephro</span> <span class='ocrx_word' id='word_1_87' title='bbox 536 1667 702 1735; x_wconf 87' lang='lat' dir='ltr'>interfecto</span> <span class='ocrx_word' id='word_1_88' title='bbox 727 1668 882 1751; x_wconf 83' lang='lat' dir='ltr'>Apollinis</span> <span class='ocrx_word' id='word_1_89' title='bbox 904 1669 1016 1752; x_wconf 86' lang='lat' dir='ltr'>Agyiei</span> <span class='ocrx_word' id='word_1_90' title='bbox 1048 1669 1167 1735; x_wconf 88' lang='lat' dir='ltr'>cultum</span> <span class='ocrx_word' id='word_1_91' title='bbox 1194 1669 1240 1734; x_wconf 92' lang='lat' dir='ltr'>in·</span> 
     </span>
     <span class='ocr_line' id='line_1_12' title="bbox 135 1775 1240 1857; baseline 0.004 -15"><span class='ocrx_word' id='word_1_92' title='bbox 135 1775 353 1857; x_wconf 64' lang='lat' dir='ltr'>stitueruntl).</span> <span class='ocrx_word' id='word_1_93' title='bbox 398 1775 521 1845; x_wconf 86' lang='lat' dir='ltr'>Harum</span> <span class='ocrx_word' id='word_1_94' title='bbox 545 1777 775 1842; x_wconf 87' lang='lat' dir='ltr'>sententiarum</span> <span class='ocrx_word' id='word_1_95' title='bbox 799 1781 955 1856; x_wconf 86' lang='lat' dir='ltr'>quaenam</span> <span class='ocrx_word' id='word_1_96' title='bbox 978 1795 1054 1842; x_wconf 88' lang='lat' dir='ltr'>vera</span> <span class='ocrx_word' id='word_1_97' title='bbox 1082 1777 1124 1844; x_wconf 89' lang='lat' dir='ltr'>sit</span> <span class='ocrx_word' id='word_1_98' title='bbox 1144 1777 1240 1846; x_wconf 86' lang='lat' dir='ltr'>certis</span> 
     </span>
     <span class='ocr_line' id='line_1_13' title="bbox 134 1877 1287 1968; baseline 0.003 -19"><span class='ocrx_word' id='word_1_99' title='bbox 134 1884 335 1966; x_wconf 83' lang='lat' dir='ltr'>argumentis</span> <span class='ocrx_word' id='word_1_100' title='bbox 356 1883 521 1950; x_wconf 86' lang='lat' dir='ltr'>diiudicari</span> <span class='ocrx_word' id='word_1_101' title='bbox 544 1902 604 1949; x_wconf 95' lang='lat' dir='ltr'>non</span> <span class='ocrx_word' id='word_1_102' title='bbox 626 1888 740 1964; x_wconf 90' lang='lat' dir='ltr'>potest.</span> <span class='ocrx_word' id='word_1_103' title='bbox 774 1883 902 1950; x_wconf 89' lang='lat' dir='ltr'>Falsam</span> <span class='ocrx_word' id='word_1_104' title='bbox 924 1889 1032 1950; x_wconf 89' lang='lat' dir='ltr'>antem</span> <span class='ocrx_word' id='word_1_105' title='bbox 1051 1903 1121 1952; x_wconf 87' lang='lat' dir='ltr'>esse</span> <span class='ocrx_word' id='word_1_106' title='bbox 1142 1877 1260 1968; x_wconf 72' lang='lat' dir='ltr'>appa·v</span> <span class='ocrx_word' id='word_1_107' title='bbox 1286 1883 1287 1886; x_wconf 69' lang='grc'>’</span> 
     </span>
     <span class='ocr_line' id='line_1_14' title="bbox 132 1990 1239 2074; baseline 0 -16"><span class='ocrx_word' id='word_1_108' title='bbox 132 1997 189 2058; x_wconf 92' lang='lat' dir='ltr'>ret</span> <span class='ocrx_word' id='word_1_109' title='bbox 208 2010 317 2058; x_wconf 89' lang='lat' dir='ltr'>eorum</span> <span class='ocrx_word' id='word_1_110' title='bbox 338 1992 525 2074; x_wconf 88' lang='lat' dir='ltr'>opinionem,</span> <span class='ocrx_word' id='word_1_111' title='bbox 549 1991 602 2072; x_wconf 90' lang='lat' dir='ltr'>qui</span> <span class='ocrx_word' id='word_1_112' title='bbox 624 1991 732 2058; x_wconf 87' lang='lat' dir='ltr'>dicunt</span> <span class='ocrx_word' id='word_1_113' title='bbox 743 1990 792 2060; x_wconf 90' lang='lat' dir='ltr'>his</span> <span class='ocrx_word' id='word_1_114' title='bbox 803 1991 868 2059; x_wconf 89' lang='lat' dir='ltr'>aris</span> <span class='ocrx_word' id='word_1_115' title='bbox 879 1993 1150 2060; x_wconf 86' lang='lat' dir='ltr'>adnumerandam</span> <span class='ocrx_word' id='word_1_116' title='bbox 1169 2012 1239 2061; x_wconf 88' lang='lat' dir='ltr'>esse</span> 
     </span>
     <span class='ocr_line' id='line_1_15' title="bbox 133 2087 1292 2185; baseline 0.003 -19"><span class='ocrx_word' id='word_1_117' title='bbox 133 2119 217 2181; x_wconf 91' lang='lat' dir='ltr'>eam,</span> <span class='ocrx_word' id='word_1_118' title='bbox 235 2118 336 2182; x_wconf 85' lang='lat' dir='ltr'>quam</span> <span class='ocrx_word' id='word_1_119' title='bbox 357 2087 477 2166; x_wconf 88' lang='lat' dir='ltr'>Paulus</span> <span class='ocrx_word' id='word_1_120' title='bbox 499 2100 662 2182; x_wconf 84' lang='lat' dir='ltr'>apostolus</span> <span class='ocrx_word' id='word_1_121' title='bbox 689 2100 824 2167; x_wconf 89' lang='lat' dir='ltr'>Athenis</span> <span class='ocrx_word' id='word_1_122' title='bbox 849 2101 928 2168; x_wconf 86' lang='lat' dir='ltr'>vidit</span> <span class='ocrx_word' id='word_1_123' title='bbox 959 2108 993 2168; x_wconf 94' lang='lat' dir='ltr'>et</span> <span class='ocrx_word' id='word_1_124' title='bbox 1020 2100 1060 2166; x_wconf 87' lang='lat' dir='ltr'>de</span> <span class='ocrx_word' id='word_1_125' title='bbox 1081 2120 1145 2185; x_wconf 89' lang='lat' dir='ltr'>qua</span> <span class='ocrx_word' id='word_1_126' title='bbox 1164 2102 1239 2170; x_wconf 85' lang='lat' dir='ltr'>dicit</span> <span class='ocrx_word' id='word_1_127' title='bbox 1287 2147 1292 2158; x_wconf 82' lang='lat'><strong>·</strong></span> 
     </span>
     <span class='ocr_line' id='line_1_16' title="bbox 132 2193 1234 2295; baseline 0 -20"><span class='ocrx_word' id='word_1_128' title='bbox 132 2211 219 2276; x_wconf 84' lang='lat' dir='ltr'>Acta</span> <span class='ocrx_word' id='word_1_129' title='bbox 240 2215 341 2291; x_wconf 85' lang='lat' dir='ltr'>apost</span> <span class='ocrx_word' id='word_1_130' title='bbox 366 2208 456 2275; x_wconf 90' lang='lat' dir='ltr'>XVII</span> <span class='ocrx_word' id='word_1_131' title='bbox 481 2201 536 2274; x_wconf 79' lang='lat'>23:</span> <span class='ocrx_word' id='word_1_132' title='bbox 570 2193 666 2290; x_wconf 79' lang='grc' dir='ltr'><em>εὗρον</em></span> <span class='ocrx_word' id='word_1_133' title='bbox 688 2207 743 2274; x_wconf 85' lang='grc' dir='ltr'>καὶ</span> <span class='ocrx_word' id='word_1_134' title='bbox 760 2202 874 2291; x_wconf 75' lang='grc' dir='ltr'><em>βωμὸν</em></span> <span class='ocrx_word' id='word_1_135' title='bbox 896 2206 929 2274; x_wconf 78' lang='grc' dir='ltr'>ἐν</span> <span class='ocrx_word' id='word_1_136' title='bbox 951 2193 978 2294; x_wconf 76' lang='grc' dir='ltr'><em>ᾧ</em></span> <span class='ocrx_word' id='word_1_137' title='bbox 1001 2206 1234 2295; x_wconf 75' lang='grc' dir='ltr'>ἐπεγέγραπτο,</span> 
     </span>
     <span class='ocr_line' id='line_1_17' title="bbox 135 2309 1236 2402; baseline 0.004 -20"><span class='ocrx_word' id='word_1_138' title='bbox 135 2309 313 2402; x_wconf 62' lang='lat' dir='ltr'>Myrmece</span> <span class='ocrx_word' id='word_1_139' title='bbox 326 2315 441 2402; x_wconf 62' lang='lat' dir='ltr'>ocull),</span> <span class='ocrx_word' id='word_1_140' title='bbox 467 2335 541 2382; x_wconf 89' lang='lat' dir='ltr'>nam</span> <span class='ocrx_word' id='word_1_141' title='bbox 561 2317 698 2397; x_wconf 92' lang='lat' dir='ltr'>primum</span> <span class='ocrx_word' id='word_1_142' title='bbox 712 2318 772 2385; x_wconf 89' lang='lat' dir='ltr'>hoc</span> <span class='ocrx_word' id='word_1_143' title='bbox 793 2317 917 2383; x_wconf 91' lang='lat' dir='ltr'>omnino</span> <span class='ocrx_word' id='word_1_144' title='bbox 941 2334 1002 2382; x_wconf 93' lang='lat' dir='ltr'>non</span> <span class='ocrx_word' id='word_1_145' title='bbox 1023 2318 1236 2386; x_wconf 85' lang='lat' dir='ltr'>necessarium</span> 
     </span>
     <span class='ocr_line' id='line_1_18' title="bbox 134 2414 1235 2507; baseline 0.002 -15"><span class='ocrx_word' id='word_1_146' title='bbox 134 2431 197 2506; x_wconf 89' lang='lat' dir='ltr'>est,</span> <span class='ocrx_word' id='word_1_147' title='bbox 220 2424 333 2491; x_wconf 88' lang='lat' dir='ltr'>deinde</span> <span class='ocrx_word' id='word_1_148' title='bbox 356 2424 388 2490; x_wconf 90' lang='lat' dir='ltr'>in</span> <span class='ocrx_word' id='word_1_149' title='bbox 410 2443 476 2505; x_wconf 89' lang='lat' dir='ltr'>ara,</span> <span class='ocrx_word' id='word_1_150' title='bbox 500 2441 582 2505; x_wconf 86' lang='lat' dir='ltr'>quse</span> <span class='ocrx_word' id='word_1_151' title='bbox 604 2429 737 2490; x_wconf 89' lang='lat' dir='ltr'>vocatur</span> <span class='ocrx_word' id='word_1_152' title='bbox 758 2414 930 2507; x_wconf 69' lang='grc' dir='ltr'><em>ἀνώνυμος</em></span> <span class='ocrx_word' id='word_1_153' title='bbox 946 2424 1024 2490; x_wconf 93' lang='lat' dir='ltr'>nihil</span> <span class='ocrx_word' id='word_1_154' title='bbox 1043 2425 1168 2492; x_wconf 94' lang='lat' dir='ltr'>omnino</span> <span class='ocrx_word' id='word_1_155' title='bbox 1189 2427 1235 2494; x_wconf 88' lang='lat' dir='ltr'>in·</span> 
     </span>
     <span class='ocr_line' id='line_1_19' title="bbox 132 2526 1236 2616; baseline -0.003 -15"><span class='ocrx_word' id='word_1_156' title='bbox 132 2526 290 2615; x_wconf 84' lang='lat' dir='ltr'>scriptum</span> <span class='ocrx_word' id='word_1_157' title='bbox 314 2536 372 2600; x_wconf 89' lang='lat' dir='ltr'>est.</span> <span class='ocrx_word' id='word_1_158' title='bbox 419 2534 631 2614; x_wconf 86' lang='lat' dir='ltr'>Tegeatarum</span> <span class='ocrx_word' id='word_1_159' title='bbox 654 2538 687 2598; x_wconf 93' lang='lat' dir='ltr'>et</span> <span class='ocrx_word' id='word_1_160' title='bbox 708 2533 897 2616; x_wconf 86' lang='lat' dir='ltr'>Argivorum</span> <span class='ocrx_word' id='word_1_161' title='bbox 920 2534 1064 2614; x_wconf 84' lang='lat' dir='ltr'>exemplo</span> <span class='ocrx_word' id='word_1_162' title='bbox 1097 2534 1236 2604; x_wconf 88' lang='lat' dir='ltr'>adducor</span> 
     </span>
     <span class='ocr_line' id='line_1_20' title="bbox 132 2641 1235 2723; baseline 0.004 -15"><span class='ocrx_word' id='word_1_163' title='bbox 132 2646 175 2708; x_wconf 90' lang='lat' dir='ltr'>ut</span> <span class='ocrx_word' id='word_1_164' title='bbox 197 2641 332 2721; x_wconf 87' lang='lat' dir='ltr'>credam,</span> <span class='ocrx_word' id='word_1_165' title='bbox 353 2642 447 2709; x_wconf 86' lang='lat' dir='ltr'>unius</span> <span class='ocrx_word' id='word_1_166' title='bbox 469 2643 547 2708; x_wconf 88' lang='lat' dir='ltr'>certi</span> <span class='ocrx_word' id='word_1_167' title='bbox 567 2642 619 2707; x_wconf 91' lang='lat' dir='ltr'>dei</span> <span class='ocrx_word' id='word_1_168' title='bbox 642 2660 723 2708; x_wconf 80' lang='lat' dir='ltr'>nouo</span> <span class='ocrx_word' id='word_1_169' title='bbox 756 2641 844 2708; x_wconf 88' lang='lat' dir='ltr'>cultu</span> <span class='ocrx_word' id='word_1_170' title='bbox 867 2642 1003 2707; x_wconf 89' lang='lat' dir='ltr'>Atticam</span> <span class='ocrx_word' id='word_1_171' title='bbox 1033 2645 1106 2723; x_wconf 90' lang='lat' dir='ltr'>post</span> <span class='ocrx_word' id='word_1_172' title='bbox 1131 2642 1235 2712; x_wconf 90' lang='lat' dir='ltr'>scelus</span> 
     </span>
     <span class='ocr_line' id='line_1_21' title="bbox 131 2750 1235 2834; baseline 0 -18"><span class='ocrx_word' id='word_1_173' title='bbox 131 2750 215 2816; x_wconf 91' lang='lat' dir='ltr'>illud</span> <span class='ocrx_word' id='word_1_174' title='bbox 237 2751 408 2818; x_wconf 88' lang='lat' dir='ltr'>lustratam</span> <span class='ocrx_word' id='word_1_175' title='bbox 427 2768 506 2832; x_wconf 88' lang='lat' dir='ltr'>esse,</span> <span class='ocrx_word' id='word_1_176' title='bbox 528 2751 581 2830; x_wconf 89' lang='lat' dir='ltr'>qni</span> <span class='ocrx_word' id='word_1_177' title='bbox 602 2751 708 2832; x_wconf 91' lang='lat' dir='ltr'>potuit</span> <span class='ocrx_word' id='word_1_178' title='bbox 729 2769 798 2818; x_wconf 87' lang='lat' dir='ltr'>essa</span> <span class='ocrx_word' id='word_1_179' title='bbox 812 2751 950 2832; x_wconf 92' lang='lat' dir='ltr'>Apollon</span> <span class='ocrx_word' id='word_1_180' title='bbox 970 2751 1117 2834; x_wconf 86' lang='lat' dir='ltr'>Agyieus,</span> <span class='ocrx_word' id='word_1_181' title='bbox 1140 2768 1235 2833; x_wconf 90' lang='lat' dir='ltr'>quem</span> 
     </span>
     <span class='ocr_line' id='line_1_22' title="bbox 133 2857 1159 2941; baseline -0.002 -15"><span class='ocrx_word' id='word_1_182' title='bbox 133 2865 170 2926; x_wconf 93' lang='lat' dir='ltr'>et</span> <span class='ocrx_word' id='word_1_183' title='bbox 191 2859 223 2924; x_wconf 95' lang='lat' dir='ltr'>in</span> <span class='ocrx_word' id='word_1_184' title='bbox 244 2859 321 2941; x_wconf 91' lang='lat' dir='ltr'>ipsis</span> <span class='ocrx_word' id='word_1_185' title='bbox 340 2859 399 2926; x_wconf 90' lang='lat' dir='ltr'>viis</span> <span class='ocrx_word' id='word_1_186' title='bbox 419 2858 508 2925; x_wconf 87' lang='lat' dir='ltr'>urhis</span> <span class='ocrx_word' id='word_1_187' title='bbox 532 2862 564 2923; x_wconf 90' lang='lat' dir='ltr'>et</span> <span class='ocrx_word' id='word_1_188' title='bbox 583 2857 777 2938; x_wconf 76' lang='lat' dir='ltr'>Acharnis⁴l</span> <span class='ocrx_word' id='word_1_189' title='bbox 798 2859 921 2926; x_wconf 90' lang='lat' dir='ltr'>cultum</span> <span class='ocrx_word' id='word_1_190' title='bbox 942 2878 1013 2926; x_wconf 91' lang='lat' dir='ltr'>esse</span> <span class='ocrx_word' id='word_1_191' title='bbox 1032 2859 1159 2926; x_wconf 90' lang='lat' dir='ltr'>scimus.</span> 
     </span>
     <span class='ocr_line' id='line_1_23' title="bbox 235 2961 1233 3056; baseline -0.001 -24"><span class='ocrx_word' id='word_1_192' title='bbox 235 2969 407 3035; x_wconf 90' lang='lat' dir='ltr'>Praeterea</span> <span class='ocrx_word' id='word_1_193' title='bbox 431 2967 472 3033; x_wconf 89' lang='lat' dir='ltr'>ad</span> <span class='ocrx_word' id='word_1_194' title='bbox 489 2961 687 3056; x_wconf 49' lang='lat' dir='ltr'>‚expiandam</span> <span class='ocrx_word' id='word_1_195' title='bbox 714 2969 842 3033; x_wconf 89' lang='lat' dir='ltr'>caedem</span> <span class='ocrx_word' id='word_1_196' title='bbox 869 2968 1016 3036; x_wconf 86' lang='lat' dir='ltr'>Laertius</span> <span class='ocrx_word' id='word_1_197' title='bbox 1043 2967 1233 3050; x_wconf 90' lang='lat' dir='ltr'>Diog.1110</span> 
     </span>
     <span class='ocr_line' id='line_1_24' title="bbox 131 3073 1232 3159; baseline -0.001 -17"><span class='ocrx_word' id='word_1_198' title='bbox 131 3083 248 3143; x_wconf 90' lang='lat' dir='ltr'>narrat</span> <span class='ocrx_word' id='word_1_199' title='bbox 266 3076 345 3143; x_wconf 87' lang='lat' dir='ltr'>duos</span> <span class='ocrx_word' id='word_1_200' title='bbox 367 3077 503 3155; x_wconf 86' lang='lat' dir='ltr'>iuvenes,</span> <span class='ocrx_word' id='word_1_201' title='bbox 525 3073 691 3142; x_wconf 81' lang='lat' dir='ltr'>Cratinum</span> <span class='ocrx_word' id='word_1_202' title='bbox 705 3075 929 3159; x_wconf 83' lang='lat' dir='ltr'>etOtesibium,</span> <span class='ocrx_word' id='word_1_203' title='bbox 951 3077 1086 3142; x_wconf 90' lang='lat' dir='ltr'>mortem</span> <span class='ocrx_word' id='word_1_204' title='bbox 1108 3075 1232 3154; x_wconf 88' lang='lat' dir='ltr'>obiisse,</span> 
     </span>
     <span class='ocr_line' id='line_1_25' title="bbox 129 3184 1231 3270; baseline 0 -20"><span class='ocrx_word' id='word_1_205' title='bbox 129 3186 174 3252; x_wconf 90' lang='lat' dir='ltr'>de</span> <span class='ocrx_word' id='word_1_206' title='bbox 196 3203 259 3267; x_wconf 91' lang='lat' dir='ltr'>qua</span> <span class='ocrx_word' id='word_1_207' title='bbox 284 3188 472 3270; x_wconf 86' lang='lat' dir='ltr'>repraeter</span> <span class='ocrx_word' id='word_1_208' title='bbox 499 3184 592 3250; x_wconf 92' lang='lat' dir='ltr'>illum</span> <span class='ocrx_word' id='word_1_209' title='bbox 620 3202 703 3250; x_wconf 87' lang='lat' dir='ltr'>unus</span> <span class='ocrx_word' id='word_1_210' title='bbox 729 3185 796 3266; x_wconf 89' lang='lat' dir='ltr'>agit</span> <span class='ocrx_word' id='word_1_211' title='bbox 818 3184 1000 3250; x_wconf 82' lang='lat' dir='ltr'>Athenaeus</span> <span class='ocrx_word' id='word_1_212' title='bbox 1021 3185 1100 3252; x_wconf 88' lang='lat' dir='ltr'>XIII</span> <span class='ocrx_word' id='word_1_213' title='bbox 1123 3184 1231 3250; x_wconf 77' lang='lat' dir='ltr'>soah:</span> 
     </span>
     <span class='ocr_line' id='line_1_26' title="bbox 132 3291 1233 3376; baseline 0.003 -21"><span class='ocrx_word' id='word_1_214' title='bbox 132 3293 359 3361; x_wconf 72' lang='lat' dir='ltr'>»Celebratnm</span> <span class='ocrx_word' id='word_1_215' title='bbox 388 3298 436 3361; x_wconf 90' lang='lat' dir='ltr'>est</span> <span class='ocrx_word' id='word_1_216' title='bbox 462 3291 584 3360; x_wconf 82' lang='lat' dir='ltr'>Cratini</span> <span class='ocrx_word' id='word_1_217' title='bbox 611 3291 730 3359; x_wconf 87' lang='lat' dir='ltr'>factum</span> <span class='ocrx_word' id='word_1_218' title='bbox 757 3293 972 3373; x_wconf 88' lang='lat' dir='ltr'>Atheniensis,</span> <span class='ocrx_word' id='word_1_219' title='bbox 994 3295 1049 3376; x_wconf 94' lang='lat' dir='ltr'>qui</span> <span class='ocrx_word' id='word_1_220' title='bbox 1079 3312 1150 3360; x_wconf 91' lang='lat' dir='ltr'>cum</span> <span class='ocrx_word' id='word_1_221' title='bbox 1171 3292 1233 3359; x_wconf 88' lang='lat' dir='ltr'>lor·</span> 
     </span>
    </p>
   </div>
   <div class='ocr_carea' id='block_1_3' title="bbox 131 3401 1327 3486">
    <p class='ocr_par' dir='ltr' id='par_1_3' title="bbox 131 3401 1327 3486">
     <span class='ocr_line' id='line_1_27' title="bbox 131 3401 1327 3486; baseline -0.003 -16"><span class='ocrx_word' id='word_1_222' title='bbox 131 3420 246 3470; x_wconf 90' lang='lat' dir='ltr'>mosns</span> <span class='ocrx_word' id='word_1_223' title='bbox 268 3405 354 3471; x_wconf 90' lang='lat' dir='ltr'>esset</span> <span class='ocrx_word' id='word_1_224' title='bbox 364 3403 631 3486; x_wconf 88' lang='lat' dir='ltr'>adulescentulus,</span> <span class='ocrx_word' id='word_1_225' title='bbox 653 3419 715 3486; x_wconf 89' lang='lat' dir='ltr'>quo</span> <span class='ocrx_word' id='word_1_226' title='bbox 730 3407 871 3486; x_wconf 92' lang='lat' dir='ltr'>tempore</span> <span class='ocrx_word' id='word_1_227' title='bbox 881 3401 1083 3484; x_wconf 86' lang='lat' dir='ltr'>Epimenides</span> <span class='ocrx_word' id='word_1_228' title='bbox 1093 3403 1233 3471; x_wconf 89' lang='lat' dir='ltr'>Atticam</span> <span class='ocrx_word' id='word_1_229' title='bbox 1325 3428 1327 3434; x_wconf 95' lang='lat'>·</span> 
     </span>
    </p>
   </div>
   <div class='ocr_carea' id='block_1_4' title="bbox 128 3511 1233 3617">
    <p class='ocr_par' dir='ltr' id='par_1_4' title="bbox 128 3511 1233 3617">
     <span class='ocr_line' id='line_1_28' title="bbox 128 3511 1233 3617; baseline -0.003 -38"><span class='ocrx_word' id='word_1_230' title='bbox 128 3511 290 3594; x_wconf 87' lang='lat' dir='ltr'>sanguine</span> <span class='ocrx_word' id='word_1_231' title='bbox 311 3511 450 3579; x_wconf 91' lang='lat' dir='ltr'>humano</span> <span class='ocrx_word' id='word_1_232' title='bbox 471 3511 622 3578; x_wconf 83' lang='lat' dir='ltr'>lustravit</span> <span class='ocrx_word' id='word_1_233' title='bbox 640 3512 681 3577; x_wconf 90' lang='lat' dir='ltr'>oh</span> <span class='ocrx_word' id='word_1_234' title='bbox 702 3514 829 3617; x_wconf 86' lang='lat' dir='ltr'>vetusta</span> <span class='ocrx_word' id='word_1_235' title='bbox 848 3512 1006 3593; x_wconf 86' lang='lat' dir='ltr'>quaedam</span> <span class='ocrx_word' id='word_1_236' title='bbox 1032 3511 1166 3593; x_wconf 88' lang='lat' dir='ltr'>piacula,</span> <span class='ocrx_word' id='word_1_237' title='bbox 1195 3513 1233 3576; x_wconf 91' lang='lat' dir='ltr'>nt</span> 
     </span>
    </p>
   </div>
   <div class='ocr_carea' id='block_1_5' title="bbox 120 3793 1230 4450">
    <p class='ocr_par' dir='ltr' id='par_1_5' title="bbox 233 3793 685 3868">
     <span class='ocr_line' id='line_1_29' title="bbox 233 3793 685 3868; baseline 0.002 -18"><span class='ocrx_word' id='word_1_238' title='bbox 233 3793 592 3868; x_wconf 75' lang='lat' dir='ltr'>1)1³aus.1120.§.1et2.</span> <span class='ocrx_word' id='word_1_239' title='bbox 682 3851 685 3860; x_wconf 72' lang='grc'>,</span> 
     </span>
    </p>

    <p class='ocr_par' dir='ltr' id='par_1_6' title="bbox 232 3892 614 3962">
     <span class='ocr_line' id='line_1_30' title="bbox 232 3892 614 3962; baseline 0.008 -16"><span class='ocrx_word' id='word_1_240' title='bbox 232 3892 258 3962; x_wconf 80' lang='lat'>2)</span> <span class='ocrx_word' id='word_1_241' title='bbox 275 3892 357 3949; x_wconf 85' lang='lat' dir='ltr'>Paua.</span> <span class='ocrx_word' id='word_1_242' title='bbox 369 3892 435 3948; x_wconf 89' lang='lat' dir='ltr'>VIII</span> <span class='ocrx_word' id='word_1_243' title='bbox 449 3893 483 3948; x_wconf 81' lang='lat'>53</span> <span class='ocrx_word' id='word_1_244' title='bbox 501 3893 614 3962; x_wconf 77' lang='lat'>§.1-6.</span> 
     </span>
    </p>

    <p class='ocr_par' dir='ltr' id='par_1_7' title="bbox 120 3971 1230 4348">
     <span class='ocr_line' id='line_1_31' title="bbox 234 3971 1230 4062; baseline -0.004 -18"><span class='ocrx_word' id='word_1_245' title='bbox 234 3991 262 4062; x_wconf 85' lang='grc'>3)</span> <span class='ocrx_word' id='word_1_246' title='bbox 281 3971 414 4059; x_wconf 73' lang='lat' dir='ltr'>Asgiclius</span> <span class='ocrx_word' id='word_1_247' title='bbox 425 3989 571 4060; x_wconf 83' lang='lat' dir='ltr'>Menagius</span> <span class='ocrx_word' id='word_1_248' title='bbox 589 3987 868 4059; x_wconf 69' lang='lat' dir='ltr'>(sanctuarinm)</span> <span class='ocrx_word' id='word_1_249' title='bbox 888 3987 1013 4057; x_wconf 84' lang='lat' dir='ltr'>adnotat,</span> <span class='ocrx_word' id='word_1_250' title='bbox 1025 3986 1183 4046; x_wconf 77' lang='lat' dir='ltr'>Brodaeum</span> <span class='ocrx_word' id='word_1_251' title='bbox 1200 3989 1230 4041; x_wconf 86' lang='lat' dir='ltr'>et</span> 
     </span>
     <span class='ocr_line' id='line_1_32' title="bbox 126 4082 1229 4156; baseline -0.006 -12"><span class='ocrx_word' id='word_1_252' title='bbox 126 4090 231 4144; x_wconf 84' lang='lat' dir='ltr'>Bonam</span> <span class='ocrx_word' id='word_1_253' title='bbox 249 4087 279 4140; x_wconf 90' lang='lat' dir='ltr'>in</span> <span class='ocrx_word' id='word_1_254' title='bbox 297 4085 503 4142; x_wconf 85' lang='lat' dir='ltr'>commentariis</span> <span class='ocrx_word' id='word_1_255' title='bbox 521 4085 575 4140; x_wconf 89' lang='lat' dir='ltr'>hoo</span> <span class='ocrx_word' id='word_1_256' title='bbox 594 4085 746 4156; x_wconf 82' lang='lat' dir='ltr'>scripsisse.</span> <span class='ocrx_word' id='word_1_257' title='bbox 784 4084 953 4140; x_wconf 84' lang='lat' dir='ltr'>Grabsnarl.</span> <span class='ocrx_word' id='word_1_258' title='bbox 966 4099 990 4140; x_wconf 89' lang='lat' dir='ltr'>c.</span> <span class='ocrx_word' id='word_1_259' title='bbox 1001 4101 1028 4154; x_wconf 84' lang='lat' dir='ltr'>p.</span> <span class='ocrx_word' id='word_1_260' title='bbox 1039 4086 1073 4136; x_wconf 93' lang='grc'>11</span> <span class='ocrx_word' id='word_1_261' title='bbox 1094 4082 1229 4138; x_wconf 87' lang='lat' dir='ltr'>etHoeck</span> 
     </span>
     <span class='ocr_line' id='line_1_33' title="bbox 120 4179 1228 4252; baseline -0.007 -12"><span class='ocrx_word' id='word_1_262' title='bbox 120 4183 231 4240; x_wconf 76' lang='lat' dir='ltr'>lusos</span> <span class='ocrx_word' id='word_1_263' title='bbox 251 4186 309 4238; x_wconf 91' lang='lat' dir='ltr'>not.</span> <span class='ocrx_word' id='word_1_264' title='bbox 322 4199 355 4238; x_wconf 84' lang='lat' dir='ltr'>w.</span> <span class='ocrx_word' id='word_1_265' title='bbox 378 4180 449 4237; x_wconf 84' lang='lat' dir='ltr'>hsnc</span> <span class='ocrx_word' id='word_1_266' title='bbox 468 4180 628 4250; x_wconf 84' lang='lat' dir='ltr'>opinionem</span> <span class='ocrx_word' id='word_1_267' title='bbox 655 4181 837 4252; x_wconf 82' lang='lat' dir='ltr'>impugnant,</span> <span class='ocrx_word' id='word_1_268' title='bbox 861 4196 944 4250; x_wconf 84' lang='lat' dir='ltr'>qnam</span> <span class='ocrx_word' id='word_1_269' title='bbox 967 4179 1144 4236; x_wconf 80' lang='lat' dir='ltr'>verisimilem</span> <span class='ocrx_word' id='word_1_270' title='bbox 1168 4194 1228 4232; x_wconf 85' lang='lat' dir='ltr'>esse</span> 
     </span>
     <span class='ocr_line' id='line_1_34' title="bbox 125 4265 1057 4348; baseline -0.009 -11"><span class='ocrx_word' id='word_1_271' title='bbox 125 4278 222 4342; x_wconf 84' lang='lat' dir='ltr'>credit</span> <span class='ocrx_word' id='word_1_272' title='bbox 239 4277 373 4334; x_wconf 86' lang='lat' dir='ltr'>Heinrich</span> <span class='ocrx_word' id='word_1_273' title='bbox 390 4296 417 4348; x_wconf 86' lang='lat' dir='ltr'>p.</span> <span class='ocrx_word' id='word_1_274' title='bbox 430 4276 465 4332; x_wconf 76' lang='lat'>92</span> <span class='ocrx_word' id='word_1_275' title='bbox 476 4293 516 4347; x_wconf 86' lang='lat' dir='ltr'>sq.</span> <span class='ocrx_word' id='word_1_276' title='bbox 793 4265 795 4270; x_wconf 40' lang='lat'><strong>¹</strong></span> <span class='ocrx_word' id='word_1_277' title='bbox 1055 4284 1057 4294; x_wconf 82' lang='grc'>’</span> 
     </span>
    </p>

    <p class='ocr_par' dir='ltr' id='par_1_8' title="bbox 229 4359 468 4450">
     <span class='ocr_line' id='line_1_35' title="bbox 229 4359 468 4450; baseline 0 -20"><span class='ocrx_word' id='word_1_278' title='bbox 229 4359 257 4450; x_wconf 72' lang='lat' dir='ltr'>A)</span> <span class='ocrx_word' id='word_1_279' title='bbox 274 4376 468 4446; x_wconf 61' lang='lat' dir='ltr'>Pounnata.</span> 
     </span>
    </p>
   </div>
   <div class='ocr_carea' id='block_1_6' title="bbox 0 0 1520 5086">
    <p class='ocr_par' dir='ltr' id='par_1_9' title="bbox 0 0 1520 5086">
     <span class='ocr_line' id='line_1_36' title="bbox 0 0 1520 5086; baseline 0 5"><span class='ocrx_word' id='word_1_280' title='bbox 0 0 1520 5086; x_wconf 95' lang='lat' dir='ltr'> </span> 
     </span>
    </p>
   </div>
  </div>
 </body>
</html>
