3032 5086
575 409 691 502 ‘ao

112 639 186 686 non
198 621 398 687 nominentur
412 617 477 704 ἕνα]
487 621 540 687 sed
552 619 642 704 μέλη,
666 612 756 706 ῴδαί,
779 615 883 703 νόμιον.
907 621 1021 688 Strabo
1045 622 1140 704 igitur
1152 638 1222 700 oum

112 730 203 795 illud
226 749 353 796 carmen
375 731 495 811 legeret
523 734 579 794 aut
604 747 718 794 nomon
745 730 812 796 eius
841 731 967 796 audiret
996 731 1054 796 hoc
1077 732 1117 796 ad
1137 732 1222 812 ipsas

109 839 325 904 lustrationes
357 840 493 920 putabat
519 838 728 919 compositum
758 819 830 904 'esse
841 837 874 920 ¹).
938 838 1005 904 Iam
1035 839 1222 904 adtentum

111 947 216 1011 deum
238 947 264 1010 si
289 946 444 1020 credimus
464 944 564 1012 nostri
588 947 793 1012 lustrationes
813 947 1010 1030 pertinuisse,
1044 947 1222 1028 Apollinem

111 1055 262 1120 dicemus
288 1056 342 1136 qni
377 1055 455 1120 deus
482 1056 513 1119 in
539 1055 640 1144 patrio
661 1054 858 1140 Epimenidis
879 1057 994 1137 oppido
1016 1055 1221 1137 colonatum),

112 1163 211 1229 cuius
233 1163 359 1228 oraculo
382 1183 454 1228 eum
479 1164 736 1228 commendatum
765 1181 835 1238 esse
867 1170 901 1229 et
932 1183 1001 1229 oum
1035 1164 1123 1231 cultu
1155 1153 1232 1229 eius¹

112 1271 289 1337 nonnullas
312 1273 516 1338 couirnonios
540 1272 708 1338 cohaerere
734 1271 884 1338 videmus.
934 1272 981 1337 De
1009 1271 1068 1338 hoo
1096 1273 1153 1338 deo
1174 1277 1225 1338 est

111 1379 149 1443 in
168 1379 323 1464 'Aeschyli
343 1379 572 1446 Eumenidihus
594 1401 623 1447 v.
638 1385 732 1445 62et
755 1385 810 1444 63:

355 1485 564 1573 ἰατρόμαντις
585 1489 763 1566 δ’ἐστίκκαὶ
782 1482 988 1571 τερασκόπος

233 1631 236 1637 -
321 1596 503 1664 καίτοῖσιν
524 1588 635 1676 ἄλλοις
656 1593 816 1680 δωμάτων
835 1590 1025 1682 καθάρσιος.

226 1705 444 1788 Epimenidem
462 1711 624 1772 auctorem
646 1708 698 1772 vel
720 1712 909 1774 sectatorem
930 1705 1030 1772 fuisse
1048 1705 1133 1770 illius
1154 1705 1224 1770 doc·

99 1816 235 1893 ¹trinae¹
258 1813 330 1879 inde
347 1834 366 1880 a
382 1816 507 1880 saeculo
519 1835 548 1880 a.
562 1814 595 1880 G.
608 1833 637 1879 n.
649 1821 739 1879 sexto
761 1816 793 1879 in
805 1815 900 1880 Italia
912 1833 931 1878 a
942 1813 1160 1904 Pythagoreis
1192 1813 1225 1877 in

115 1923 257 1988 Graecia
268 1924 308 1987 ab
321 1922 465 2005 Orphicis
476 1922 668 2006 divulgatae,
690 1941 753 2003 qua
765 1922 911 1989 dicebant
927 1923 1085 1988 hominem
1106 1909 1224 1986 natura

115 2032 300 2112 improbum
315 2032 411 2099 certis
430 2036 554 2098 tantum
566 2033 698 2102 initiiso
720 2022 813 2113 culpa
833 2033 963 2096 liberari
978 2049 1080 2113 posse,
1102 2034 1225 2095 nonest

117 2139 393 2220 quodoredamus.
417 2141 535 2205 Tamen
548 2142 578 2219 ii,
599 2141 653 2220 qui
669 2145 780 2221 postea
792 2139 1015 2204 lustrationum
1027 2143 1060 2201 et
1070 2137 1222 2218 expiatio·

118 2267 199 2312 num
221 2248 331 2313 laudes
344 2249 578 2329 praedicabant,
600 2249 701 2313 multa
722 2249 847 2314 adeum
859 2248 1007 2312 videntur
1028 2246 1176 2312 retulisse
1192 2251 1224 2310 et

119 2358 254 2422 carmini
275 2359 314 2421 ad
336 2357 544 2444 Orphicorum
565 2338 723 2421 rationem
739 2357 912 2437 composito
929 2357 1028 2420 nostri
1048 2372 1161 2424 nomeu
1178 2353 1224 2416 in-

119 2465 298 2546 scripsisse.
322 2464 521 2544 Quamquam
534 2462 734 2530 nimisverba'
742 2465 858 2545 premit
870 2463 979 2528 Hoeok
994 2462 1040 2525 lll
1052 2465 1122 2540 285,
1144 2460 1225 2548 quie

118 2576 192 2640 loco
215 2573 358 2653 Eusebii,
382 2590 444 2655 quo
466 2572 672 2638 lustrationes
693 2571 850 2653 Orphioae
867 2576 899 2636 et
912 2569 1136 2651 Epimenideae
1161 2587 1225 2634 una

119 2679 300 2763 Apollineis
311 2686 519 2764 opponuntur,
541 2682 698 2747 concludit
707 2681 862 2761 Orphioas
879 2684 912 2744 et
924 2678 1145 2760 Epimenideas
1156 2694 1223 2742 eas-

119 2791 194 2856 dem
203 2790 330 2881 habitas
340 2808 418 2857 esse.
441 2790 789 2855 PraetereaEusebium
800 2787 936 2854 confidas
944 2805 1007 2852 non
1018 2787 1120 2852 multo
1132 2785 1225 2867 plura

11 2923 12 2934 ι
123 2900 163 2964 de
186 2900 236 2964 his
248 2901 342 2966 rebus
354 2899 481 2965 scivisse
492 2916 587 2979 quam
598 2907 670 2964 uos'.¹
694 2897 956 2979 ExOrphioor'um
968 2913 1028 2961 usu
1040 2894 1225 2975 desumptae

119 3008 304 3074 suntetiam
327 3025 418 3074 voces
439 3000 609 3090 τελεστικὴ
632 3003 736 3092 σοφία
750 3010 782 3071 et
796 2997 998 3086 κατορμάζω
1011 3023 1030 3068 a
1041 3002 1223 3079 Plutarcho,

119 3109 207 3206 ἀνὴρ
223 3111 378 3201 τελεστής
399 3135 419 3180 a
444 3115 574 3181 Socrate
596 3116 628 3179 in
650 3114 863 3180 ecelesiastica
884 3112 1017 3178 historia
1039 3110 1089 3175 111
1103 3114 1150 3190 16,
1167 3114 1224 3190 24,
1274 3201 1281 3206 Ρ

120 3217 203 3316 ἀνὴρ
227 3217 386 3310 ὀργιάζων
408 3245 427 3290 a
448 3222 624 3310 Nicephoro
646 3222 769 3288 Callisti
792 3221 873 3286 Xnt
895 3224 1077 3310 usurpatae.
1109 3211 1222 3302 τελετή

226 3441 253 3510 1)
274 3439 399 3511 Eudoeia
416 3457 444 3508 p.
464 3439 528 3492 166:
565 3439 672 3507 ἔγραψε
691 3434 779 3490 πολλὰ
801 3436 902 3495 ἐντικῶς
922 3429 1057 3506 μυστήρια
1075 3436 1121 3486 καὶ
1139 3435 1227 3501 αἰνιγ-

105 3539 108 3544 ’
121 3531 239 3609 ματώδη
267 3541 313 3590 καὶ
338 3534 489 3606 καθαρτικὰ
519 3539 565 3588 καὶ
587 3529 663 3589 ἄλλα,
708 3534 739 3588 In
767 3533 860 3588 verbis
884 3531 984 3585 Suidae
1007 3530 1087 3600 signa
1109 3529 1150 3581 ito
1172 3527 1227 3581 dis·

122 3633 254 3702 ponenda
274 3637 352 3700 sunt,
381 3637 413 3685 ut
440 3625 630 3700 καταλογάδην
653 3647 709 3683 non
732 3629 813 3682 aliter
836 3632 920 3695 atque
947 3626 1047 3684 ἐντικῶς
1071 3623 1107 3679 ad
1131 3639 1227 3678 omnes

122 3731 213 3782 nostri
232 3730 319 3783 libros
337 3728 484 3794 referatur,
504 3745 519 3781 e
536 3727 637 3795 quibus
656 3726 711 3780 duo
737 3729 846 3778 tantum
865 3723 1002 3778 nominati
1020 3726 1097 3775 sunt:
1118 3721 1226 3790 ἔγραψε

124 3824 156 3878 δὲ
176 3822 263 3878 πολλὰ
281 3825 382 3884 ἓπικῶς
411 3827 457 3877 καὶ
487 3817 684 3892 καταλογάδην·
704 3815 838 3893 μυστήρια
861 3838 920 3874 τινα
939 3822 984 3872 καὶ
1001 3812 1164 3888 ’καθαρμοὺς
1182 3818 1228 3867 καὶ

127 3913 194 3973 ἄλλα
213 3915 410 3990 αἰνιγματώδη.
445 3920 521 3987 Quae
535 3919 620 3974 verba
639 3919 663 3971 si
681 3919 735 3971 alio
754 3917 899 3986 signorum
917 3914 1014 3968 ordine
1032 3913 1230 3983 intelliguntur

126 4014 181 4084 (ed.
199 4016 362 4084 Bernhardy
378 4016 412 4070 ἸΙ
433 4034 460 4085 p.
471 4015 547 4085 435):
569 4015 697 4084 »scripsit
720 4012 807 4067 inulta
830 4012 967 4077 versibus3
992 4009 1119 4063 orations
1143 4023 1228 4077 prosa

123 4113 255 4181 mysteria
273 4111 409 4181 quaedam
428 4114 457 4165 at
475 4111 655 4165 lustrationes
674 4113 702 4164 et
719 4109 773 4164 alia
791 4107 931 4163 reconditi
948 4103 1132 4176 argumenti«,
1150 4102 1228 4158 Stra-

124 4209 204 4264 bonis
213 4212 242 4263 et
251 4208 394 4263 Eudooiae
405 4209 497 4263 verbis
515 4207 656 4262 contraria
677 4210 750 4293 sunt,
768 4205 799 4261 id
811 4204 884 4274 quod
896 4202 1086 4259 necessarium
1104 4201 1227 4256 nonest.

222 4305 250 4375 2)
270 4305 380 4368 Miiller,
398 4303 499 4358 Dorion
517 4304 601 4359 lata
679 4330 681 4334 ¹
