3032 5086
277 675 377 743 tradit
389 673 553 743 Neanthes
565 675 735 759 Cyzicenus
756 674 893 742 secundo
915 674 996 741 libro
1018 672 1098 758 περὶ
1117 673 1269 756 τελετῶν,
1291 675 1381 740 ultro

279 785 435 868 seipsum
458 802 515 867 pro
537 786 644 866 patria
665 784 794 850 obtulit:
820 785 910 852 cuius
927 788 1145 865 postmortem
1156 784 1383 850 Aristodemus

280 897 403 959 amator
425 893 493 960 eius
515 897 628 974 sponte
647 893 746 958 vitam
769 890 872 957 finivit
892 895 925 957 et
937 891 1072 959 cessavit
1089 892 1239 958 malum«.
1260 891 1381 969 Quam·

279 1003 328 1068 vis
350 1001 611 1084 porvaNeanthis
631 999 709 1067 fides
721 1000 773 1080 sit,
794 1001 964 1067 honorem
985 1018 1095 1066 veram
1116 1018 1186 1067 esse
1203 1001 1381 1068 credemus.

280 1112 399 1177 Errant
418 1109 501 1177 enim
520 1109 550 1187 ii,
573 1111 627 1192 qui
638 1110 703 1175 iam
711 1107 911 1174 Polemonem
929 1108 1088 1190 Hiemem,
1111 1109 1214 1176 virum
1236 1110 1385 1176 doctrina

279 1221 393 1286 merito
414 1219 535 1286 clarum
555 1218 665 1285 dicunt
684 1235 826 1300 negasse,
858 1217 1018 1284 hominem
1049 1217 1088 1284 ab
1118 1217 1303 1301 Epimenide
1324 1219 1383 1284 im·

279 1329 434 1394 molstum
455 1346 533 1395 esse.
577 1324 660 1393 Nom
681 1344 753 1395 cum
774 1329 888 1409 pergat
901 1326 1101 1394 Athenaeus:
1123 1317 1182 1392 οὐκ
1201 1319 1315 1412 α’γνοτῖ
1334 1325 1383 1408 δέ,

283 1429 335 1503 ὅτι
366 1430 409 1502 τοὶ
442 1433 533 1520 παρὰ
560 1433 727 1518 Κρατίνου
749 1432 804 1498 καὶ
822 1424 1062 1522 Ἀριστοδήμου
1083 1431 1281 1502 πεπλάσθαι
1301 1437 1386 1523 φησὶ

281 1543 444 1628 Πολέμων
467 1543 501 1610 ἐν
522 1547 595 1621 ταῖς
616 1538 702 1628 πρὸς
729 1536 882 1628 Νεάνθην
908 1533 1133 1630 ἀντιγραφαῖς,
1162 1544 1290 1610 Polemo
1319 1563 1383 1610 non

279 1660 347 1720 tam
359 1652 522 1719 Cratinum
534 1659 697 1719 mortuum
709 1671 778 1720 esse
792 1657 898 1736 negat,
919 1671 1016 1736 quam
1031 1653 1154 1736 insigne
1163 1655 1242 1720 illud
1264 1655 1384 1720 amoris

280 1762 495 1829 testimonium
521 1762 562 1828 ad
585 1765 718 1826 mortem
747 1778 848 1840 usque
880 1762 1084 1843 perdurantis
1113 1762 1277 1844 inventum
1311 1783 1384 1831 esse

281 1870 389 1938 eredit.
420 1857 546 1936 Utrum
559 1869 665 1936 Laert.
680 1870 771 1950 Diog.
793 1887 833 1933 an
845 1869 1006 1936 Neanthes
1027 1871 1156 1936 nomina
1175 1871 1292 1938 rectius
1313 1875 1383 1938 tra-

193 2045 195 2050 ,
281 1980 408 2047 diderit
417 1998 481 2044 non
500 1981 633 2058 constat,
657 1977 737 2043 nihil
759 1983 865 2044 autem
892 1980 993 2060 agunt
1012 1977 1044 2057 ii,
1071 1979 1127 2060 qui
1150 1977 1302 2046 sacrificia
1321 1980 1386 2046 hu-

281 2107 377 2156 mana
397 2107 417 2154 a
439 2087 633 2154 Graecorum
662 2085 802 2152 moribus
829 2085 1000 2152 abhorrere
1024 2069 1134 2152 dicunt
1145 2087 1182 2169 ¹),
1212 2105 1285 2153 cum
1306 2092 1386 2156 ante

282 2214 421 2278 pugnam
433 2195 637 2262 Salaminiam
647 2194 875 2262 Themistocles
885 2196 927 2261 ab
937 2195 1160 2276 Euphrantida
1171 2201 1245 2262 vate
1258 2203 1387 2264 coactus

282 2306 324 2372 sit
346 2305 463 2371 Persas
486 2304 696 2370 nobilissimos
719 2304 841 2370 Baccho
863 2305 1047 2386 mactare2).
1083 2303 1190 2370 Etiam
1202 2303 1386 2373 Pausaniae

282 2419 425 2495 tempore
456 2411 608 2480 sacrificia
643 2412 783 2478 humano
818 2413 850 2477 in
884 2411 1018 2478 Graecia
1046 2410 1164 2478 fiebant
1192 2417 1224 2477 et
1244 2414 1385 2495 Apollini

282 2523 416 2590 Athenis
424 2522 663 2602 Thargeliorum
675 2521 726 2586 die
738 2521 908 2605 quotannis
919 2521 1060 2587 homines
1072 2525 1128 2588 aut
1137 2521 1389 2593 immolabantur

283 2635 341 2698 aut
361 2629 574 2697 offerebantur
582 2629 616 2712 ⁸).
663 2630 745 2695 Nam
771 2635 808 2695 ut
835 2631 928 2697 homo
954 2630 1113 2697 hominem
1140 2630 1259 2697 iratum
1292 2632 1388 2701 donis

283 2741 412 2825 placare
432 2745 574 2828 conatur,
592 2740 637 2804 ita
657 2757 719 2819 quo
747 2751 865 2822 poenam
880 2760 899 2806 a
914 2740 972 2806 deo
987 2740 1182 2824 impositasa
1201 2759 1236 2808 se
1249 2735 1389 2824 avertat,

284 2849 315 2914 id
337 2849 469 2931 praebet
489 2847 573 2930 quod
596 2849 624 2912 ei
648 2849 845 2915 carissimum
869 2854 926 2915 est.
1015 2903 1018 2908 .

385 2957 414 3036 ᾖ.
426 2960 456 3022 4.
497 2956 565 3020 Iam
583 2974 657 3021 vero
674 2974 743 3022 oum
763 2962 901 3038 quatuor
925 2957 997 3023 illas
1017 2958 1388 3025 iustitutionesanostro

285 3063 470 3145 Epimenide
499 3064 632 3132 Athenis
669 3063 771 3133 iactas
798 3085 867 3133 esse
898 3066 1082 3150 viderimus
1113 3085 1175 3148 quo
1207 3066 1390 3150 expeditius

285 3172 528 3255 progrediamur
548 3172 828 3238 demonstrandum
843 3177 901 3253 est,
923 3172 1001 3238 nihil
1022 3175 1052 3238 ei
1074 3191 1144 3239 cum
1163 3175 1260 3239 heroe
1270 3174 1390 3258 Attico,

286 3280 335 3344 cui
356 3279 439 3346 idem
461 3298 575 3346 nomen
605 3285 671 3362 est,
692 3298 856 3346 commune
881 3299 960 3349 esse.
1003 3281 1063 3349 Est
1083 3282 1166 3348 enim
1187 3283 1219 3345 in
1237 3281 1391 3366 Hesychii

284 3388 489 3464 Alexandrini
510 3388 610 3454 lexico
619 3389 662 3470 *lt
697 3382 860 3472 Βουζύγης
890 3382 978 3474 ἥρως
1008 3380 1166 3466 Ἀττικός,
1198 3381 1222 3473 ἢ
1252 3391 1392 3474 πρῶτος

197 3524 204 3554 ι
284 3495 364 3579 βοῦς
389 3491 456 3562 ὑπὸ
485 3485 626 3581 α’ροτρον
648 3489 766 3578 ζεύξας·
790 3495 937 3563 ἐκαλεῖτο
962 3495 998 3563 δὲ
1016 3488 1229 3582 Ἐπιμενίδης·
1244 3496 1390 3564 ’Καθίσ-

387 3795 413 3866 1)
432 3795 647 3852 (trote-Fischer
663 3797 736 3852 1138
755 3801 812 3853 not
832 3799 848 3852 3
866 3797 980 3854 Dunker
999 3798 1037 3854 lV
1053 3800 1103 3861 170
1121 3801 1181 3853 not.
1191 3801 1218 3853 4.

385 3893 410 3962 2)
428 3892 502 3947 Plut.
521 3892 718 3949 Themistocles
738 3896 779 3949 13.

387 3989 414 4059 3)
432 3987 616 4059 Nigelsbach,
634 3989 887 4045 Nachhomerische
906 3989 1065 4060 Theologie.
1086 3992 1175 4060 pust
1190 4007 1230 4059 sq.

389 4085 421 4138 A.
439 4084 594 4140 Mommsen
611 4085 663 4140 lo.
683 4103 710 4155 p.
720 4086 871 4140 417—421.

386 4181 421 4236 H.
440 4180 657 4256 Schaufhausen,
691 4180 736 4237 die
759 4180 1041 4237 Meusohenfsesserei
1068 4181 1127 4237 und
1151 4182 1200 4236 das
1220 4181 1389 4240 Mensohen·

287 4275 376 4348 opser.
414 4276 520 4334 Archiv
537 4277 583 4332 fiir
599 4278 830 4350 Anthropologie.
848 4278 888 4334 IV
901 4278 976 4332 1870.
997 4277 1064 4333 Helt
1082 4282 1105 4336 3.
1126 4297 1154 4349 p.
1163 4279 1217 4333 267
1234 4283 1262 4334 et
1282 4281 1349 4336 276.

387 4375 416 4444 4)
436 4373 477 4430 ed.
496 4375 534 4432 Μ.
553 4375 680 4431 Schmidt
700 4377 775 4431 1858.
795 4374 808 4427 1
826 4392 853 4445 p.
867 4376 919 4429 388
938 4375 976 4445 gl.
994 4376 1056 4431 895.
