3032 5086
662 450 698 504 Pl

30 603 33 710 l
121 622 184 703 qui
210 621 279 707 ipse
294 621 463 688 Curetibus
485 621 763 704 adnumerabatur,
785 623 825 690 de
848 638 957 689 eorum
970 623 1091 706 origine
1112 622 1231 706 optime

29 737 32 816 ξ
119 730 233 798 dicere
254 749 346 814 posse
368 728 590 811 credebantur
591 729 756 811 Otrphici
782 715 974 797 carminibus
1001 749 1084 813 quae
1110 731 1150 798 ad
1179 748 1230 797 res

27 911 28 934 ,
117 844 202 923 post
223 845 357 906 mortem
378 838 506 905 futuras
526 836 729 921 pertinebant
741 837 858 922 Orphei
873 857 987 907 nomen
1008 838 1230 920 inscribebant,

27 941 28 948 ’
119 965 224 1028 quem
258 949 290 1013 in
317 948 420 1030 ipsum
452 949 567 1015 Orcum
601 947 797 1014 descendisse
828 948 981 1015 traditum
928 954 1080 1017 umerat.
1057 947 1230 1017 tEtiam

121 1057 293 1123 Maximus
314 1057 427 1140 Tyrius
450 1058 547 1123 1285
570 1060 812 1140 commemorat,
845 1057 1095 1140 Epimenidem
1086 1076 1119 1124 ιιι
1146 1057 1230 1125 Iovis

23 1247 26 1254 Ι
117 1164 251 1232 Dictaei
274 1139 366 1231 antro
388 1164 519 1245 longum
538 1163 630 1229 illum
647 1179 793 1228 somnum
804 1163 997 1260 dormivisse,
1020 1164 1229 1247 ibiqneprae·

118 1277 221 1354 cepta
242 1293 262 1339 a
283 1272 340 1338 deo
364 1271 530 1353 accepisse,
552 1271 584 1336 id
606 1271 690 1352 quod
714 1270 754 1336 de
768 1288 845 1352 rege
861 1270 968 1340 Minoe
986 1271 1174 1340 tradebant:
1196 1276 1230 1340 et

118 1385 163 1446 ut
187 1381 311 1464 Iupiter
334 1397 414 1463 puer
433 1397 453 1444 a
473 1379 620 1462 nymphis
640 1378 749 1461 alitur,
771 1379 818 1447 ita
838 1379 922 1445 idem
942 1382 1133 1462 posteriores
1154 1380 1229 1447 scri·

119 1494 237 1574 ptores
258 1488 298 1554 de
319 1490 387 1556 eius
400 1489 565 1556 sacerdote
579 1487 813 1556 fabulabantur.
838 1489 925 1557 Haec
940 1490 1036 1573 igitur
1049 1488 1231 1556 testimonia

121 1617 228 1680 quam
248 1599 369 1666 incerta
390 1598 453 1663 sint
474 1597 561 1664 vides
584 1601 615 1663 et
637 1601 793 1678 quantum
811 1598 1018 1666 dubitationis
1039 1599 1230 1680 relinquant,

120 1709 185 1774 sed
205 1713 283 1790 puto
305 1725 378 1772 eum
399 1707 481 1790 hanc
509 1705 548 1771 ob
570 1719 698 1773 oausam
720 1705 782 1771 dici
804 1706 912 1788 Cnosi,
946 1707 979 1773 in
1011 1705 1230 1789 antiquissima

121 1816 224 1897 quasi
246 1815 321 1882 sede
339 1815 422 1881 Iovis
447 1819 480 1881 et
500 1813 666 1896 Apollinis,
689 1819 801 1881 natum
815 1833 902 1896 esse,
935 1832 1126 1896 quamquam
1147 1814 1229 1881 anti·

121 1924 293 2005 quioribus
319 1923 436 1990 fabulis
461 1921 631 1988 Phaestius
654 1921 827 1989 ferebatur.
876 1922 1067 2007 Pythagorei
1095 1924 1229 2005 deniqne

122 2033 180 2100 his
200 2032 315 2100 tabulis
342 2033 478 2115 acceptis
510 2031 698 2113 magistrum
727 2051 819 2099 suum
846 2051 911 2098 una
944 2051 1015 2100 cum
1045 2031 1230 2117 Epimenide

120 2139 273 2208 ferebant
305 2143 337 2206 in
369 2144 498 2208 antrum
527 2140 659 2207 idaeum
688 2139 932 2223 descendissel),
965 2141 1112 2208 nimirum
1143 2145 1228 2224 quod

122 2253 273 2316 nostrum
291 2249 376 2316 Iovis
394 2249 478 2314 illius
500 2249 697 2316 sacerdotem
720 2266 789 2316 esse
810 2249 986 2315 audierant.

229 2357 259 2442 fi.
274 2362 303 2424 2.
324 2357 486 2425 Summam
503 2343 750 2438 atque'iortasse
761 2358 912 2426 maiorem
925 2377 1021 2442 qnam
1034 2356 1143 2426 debuit
1160 2359 1228 2442 glo·

121 2469 209 2534 riam
222 2486 259 2534 eo
271 2472 383 2534 nactus
395 2469 453 2548 est,
474 2466 558 2551 quod
570 2464 867 2533 Atheniensium
883 2465 1010 2531 urbem
1024 2466 1227 2550 lustravit,

121 2576 184 2644 sed
205 2577 303 2643 etiam
324 2577 402 2642 haec
422 2594 472 2642 res
493 2576 572 2641 adeo
596 2582 647 2641 est
668 2574 816 2641 oblivioni
837 2574 923 2655 data,
946 2581 984 2641 ut
998 2593 1056 2641 nec
1070 2593 1166 2657 quam
1187 2577 1227 2644 ob

122 2704 196 2752 rem
218 2703 276 2751 nec
296 2703 358 2768 quo
378 2689 520 2767 tempore
531 2701 568 2748 eo
589 2675 712 2749 venerit
726 2684 802 2750 satis
823 2687 956 2750 constet.
997 2684 1046 2749 De
1065 2684 1135 2765 ipso
1146 2685 1228 2750 enim

122 2801 280 2877 tempore·
295 2792 505 2873 antiquissimi
527 2795 627 2859 testes
649 2792 731 2857 inter
753 2810 788 2859 se
810 2792 1007 2872 dissentiunt,
1029 2810 1102 2859 cum
1134 2792 1228 2859 Plato

122 2902 437 2986 leg.1642D.cum
464 2898 759 2966 annosorum
789 2918 879 2967 sacra
910 2900 1068 2983 quaedam
1096 2901 1228 2969 Athenis

122 3011 238 3078 iecisse
259 3010 377 3088 tradat,
401 3009 546 3076 Leander
568 3012 675 3074 autam
696 3007 840 3075 Milesius
874 3027 948 3075 eum
973 3009 1005 3074 in
1032 3013 1154 3091 septem
1177 3027 1228 3077 sa·

102 3118 283 3202 -pientium
311 3136 477 3183 numerum
509 3113 672 3198 receperit,
704 3133 769 3198 qua
797 3116 828 3180 in
860 3133 894 3181 re
926 3133 1000 3181 eum
1031 3118 1131 3194 secuti
1152 3120 1229 3184 sunt

125 3226 302 3309 Hermippo
333 3228 462 3292 auctore
487 3223 678 3290 Plutarchus
701 3224 734 3290 in
757 3221 871 3290 Solone
893 3225 927 3288 et
947 3223 981 3289 in
999 3222 1081 3289 libro
1103 3225 1157 3306 qui
1181 3225 1228 3290 in·

125 3335 266 3418 scriptus
295 3339 345 3400 est
371 3320 508 3415 septen
526 3333 717 3414 sapientium
748 3331 926 3398 conuiuium
957 3331 1227 3413 cap.14,Laert.

127 3442 373 3526 Diog.²)141et
384 3444 435 3520 42,
458 3444 491 3507 et
511 3441 543 3521 ii,
566 3442 620 3523 qui
642 3440 793 3521 epistolas
814 3440 902 3507 nobis
923 3440 1060 3507 traditas
1071 3441 1228 3525 conscrip-

103 3554 249 3647 serunt.
283 3548 413 3631 Septem
424 3546 614 3630 sapientium
640 3552 748 3614 autem
762 3566 863 3614 annus
883 3552 988 3616 certus
1003 3551 1227 3614 est585-584

128 3678 159 3727 a.
171 3657 254 3739 (ιιι,
275 3676 337 3740 quo
358 3657 408 3725 die
426 3661 466 3722 28
478 3657 594 3725 mensis
606 3657 669 3724 mai
691 3658 790 3724 solem
812 3641 1015 3725 defecturum
1031 3676 1102 3725 esse
1114 3657 1229 3724 Thales

127 3769 341 3853 praedixerat.

229 3875 363 3941 Gamam
389 3874 593 3956 Plutarchus,
626 3876 836 3959 Hermippum
862 3878 1000 3952 secutus,
1033 3875 1109 3942 dicit
1132 3874 1228 3942 fuisse

127 3985 231 4054 scelus
253 3983 426 4067 (hionium,
448 3984 532 4066 quod
554 3985 637 4051 idem
657 3985 759 4052 tradit
780 3983 894 4051 Snidas
919 3987 953 4051 et
975 3983 1081 4052 Cicero
1104 3983 1144 4052 de
1165 3983 1230 4066 leg.

129 4137 328 4148 ——an--n

229 4214 257 4284 1)
275 4214 368 4303 Laart
386 4216 468 4289 Diog.
487 4216 596 4274 vltra.

227 4311 254 4384 2)
273 4312 384 4390 Bohran
402 4313 419 4368 l.
437 4330 461 4370 c.
480 4331 507 4385 p.
526 4315 576 4370 29.
