3032 5086
852 497 887 552 44

258 657 261 664 ’
322 671 520 754 singulorum
540 671 804 753 magistratuum,
826 676 858 736 et
884 690 955 738 oum
976 691 1068 754 reges
1091 673 1146 754 qui
1167 674 1289 756 primas
1319 674 1353 740 in
1374 692 1416 738 re·
1491 661 1492 666 ’

321 779 446 862 publica
467 780 620 846 tenebant
641 780 703 844 iam
725 779 853 846 oracula
864 780 998 862 Delphis
1018 781 1119 860 allata
1142 783 1339 863 colligerent,
1360 801 1418 848 non

321 891 389 956 sine
410 907 526 970 magna
548 889 614 954 veri
637 888 740 971 specie
765 889 898 956 coniecit
925 889 1065 968 Urlichs,
1097 889 1292 972 Epimenidis
1312 889 1417 974 δέρμα,

319 999 353 1066 id
374 1004 424 1066 ast
442 997 582 1080 oracula,
603 996 642 1062 ah
664 996 791 1078 ephoris
808 999 966 1064 occultata
987 1015 1064 1082 esse,
1087 1016 1220 1079 quorum
1243 1001 1274 1064 iu
1293 999 1418 1066 aedibus

322 1107 465 1187 antiquis
485 1111 722 1172 monumentum
739 1108 807 1172 eius
826 1104 926 1174 luisse
947 1106 1010 1173 iam
1031 1108 1105 1173 dixi.
1136 1108 1218 1173 Nam
1241 1127 1315 1174 cum
1334 1125 1418 1188 reges

320 1217 449 1282 oracula
470 1214 622 1296 Delphica
643 1214 828 1297 colligerent
846 1219 880 1282 et
900 1216 1056 1296 Apollinis
1078 1205 1269 1283 auctoritate
1285 1217 1418 1298 Lycurgi

321 1325 407 1406 leges
429 1330 461 1390 et
483 1323 604 1404 regium
625 1324 790 1404 imperinm
811 1323 932 1390 sancita
952 1328 1068 1405 essent,
1089 1325 1198 1406 ephori
1220 1329 1348 1390 tantam
1369 1342 1417 1406 po-

320 1432 454 1498 tentiam
478 1431 615 1498 nancisci
637 1449 699 1496 non
723 1436 879 1514 poterant,
900 1432 960 1498 nisi
981 1432 1087 1514 aliqua
1109 1451 1148 1498 ex
1165 1434 1419 1516 partereligionc

321 1540 559 1606 adiuvarentur.
592 1539 733 1618 Quorum
752 1545 894 1621 potestas
917 1541 1032 1620 quibus
1061 1541 1158 1608 initiis
1190 1546 1264 1608 orta
1285 1541 1419 1622 pruden-

321 1649 401 1714 tium
414 1649 552 1714 virorum
568 1649 723 1716 industria
737 1650 838 1732 magis
850 1650 1017 1732 magisque
1032 1668 1067 1715 eo
1086 1652 1227 1730 creverit,
1251 1657 1289 1717 ut
1311 1655 1418 1732 postea

321 1777 432 1840 regum
455 1761 647 1838 potestatem
670 1759 770 1826 multo
793 1764 991 1840 superarent,
1013 1777 1076 1825 non
1096 1761 1174 1826 satis
1191 1762 1327 1840 constat,
1353 1777 1417 1824 cum

322 1869 457 1934 duorum
476 1872 603 1934 tantum
625 1867 764 1933 virorum
786 1868 915 1934 nomina
939 1867 1059 1933 tradita
1081 1868 1152 1934 sint.
1195 1868 1244 1932 De
1266 1868 1418 1948 Asteropo

323 1976 451 2057 quidem
461 1975 653 2042 Plutarchus
665 1975 865 2042 Cleomenem
882 1995 950 2058 cap.
965 1974 1273 2048 lolacitdicentem:
1295 1970 1418 2040 καὶτὸν

322 2084 458 2168 πρῶτον
467 2071 820 2170 ἕπισφοᾶρὺνοντατήα
833 2075 933 2172 ἀρχὴν
944 2063 999 2149 καὶ
1008 2075 1418 2168 ἅνατεινάμενονᾎστέρω-

322 2215 389 2258 πον
398 2189 536 2279 ἡλικίαις
557 2189 693 2277 ὕστερον
715 2193 854 2271 πολλαῖς
864 2194 950 2277 (post
973 2195 1055 2260 bella
1068 2194 1274 2276 Messeniaca)
1299 2189 1420 2281 ἔφορον

323 2300 487 2386 γενέσθαι.
532 2302 638 2381 Atque
665 2319 736 2366 cum
760 2302 864 2368 Laert.
897 2301 987 2382 Diog.
1003 2302 1019 2366 I
1034 2304 1074 2365 68
1095 2302 1134 2366 de
1163 2300 1294 2367 Chilone
1323 2302 1417 2368 dicat:

323 2410 377 2474 καὶ
399 2409 535 2492 πρῶτος
556 2403 747 2498 εἰσηγήσατο
784 2403 925 2495 ἐφόρους
955 2409 1129 2491 βασιλεῦσι
1159 2403 1418 2493 παραζευγνύναι,

323 2521 520 2586 demonstrat
541 2537 613 2584 eum
637 2522 755 2586 certam
783 2519 937 2584 rationem
959 2523 1109 2599 certaque
1130 2519 1201 2582 iura
1223 2518 1418 2584 constituisse

323 2628 438 2708 quihus
456 2626 567 2709 ephori
589 2645 653 2692 una
675 2645 745 2692 cum
768 2628 895 2708 regibus
917 2645 985 2696 ram
1013 2627 1169 2708 publicam
1197 2627 1416 2707 guhemarent.

323 2737 392 2802 Hoc
420 2740 527 2800 autem
555 2753 617 2800 non
649 2735 805 2802 immerito
837 2737 971 2801 credunt
1002 2734 1069 2800 fieri
1097 2753 1159 2800 non
1185 2735 1344 2815 potuisse,
1366 2734 1419 2799 nisi

322 2849 419 2910 antea
435 2844 544 2925 ephori
559 2844 833 2926 aliqua'religione
847 2843 958 2908 sanciti
975 2848 1088 2910 essent.
1121 2843 1231 2923 Neque
1243 2848 1417 2925 temporum

324 2953 412 3018 ratio
442 2953 564 3030 obstat,
602 2955 678 3035 quin
711 2958 787 3018 ante
818 2951 958 3020 Chilonis
995 2951 1182 3035 ephoratum
1220 2949 1419 3034 Epimenides

323 3059 472 3144 Spartam
495 3061 624 3126 venerit.

422 3167 559 3234 Chilonis
572 3169 805 3236 annosB0hren
821 3170 841 3235 l.
862 3188 887 3234 o.
910 3175 940 3235 et
956 3167 1309 3236 Steinlcmonaodem
1332 3167 1418 3233 modo

326 3280 520 3358 computant,
543 3294 613 3342 com
637 3295 688 3342 res
699 3297 719 3344 a
730 3277 934 3360 scriptoribus
946 3278 1080 3344 traditas
1091 3277 1174 3344 inter
1189 3295 1223 3342 se
1237 3278 1419 3358 coniungere

324 3389 494 3465 nequeant.
538 3385 663 3450 Nullius
685 3387 769 3451 enim
793 3399 832 3452 ea
854 3386 883 3450 in
917 3387 1122 3451 remordenti
1145 3387 1301 3467 estquod
1326 3385 1417 3450 Hero-

324 3493 439 3559 dotol
472 3496 511 3558 59
542 3499 670 3559 auctora
696 3495 806 3560 Chilon
838 3495 990 3560 ludorum·
1015 3494 1249 3578 Olympicornm
1281 3498 1417 3574 tempora

323 3601 560 3683 Hippocratem,
592 3602 752 3670 Pisistrati
779 3604 906 3686 tyranni
922 3599 1061 3683 patrem,
1095 3602 1197 3669 vetuit
1217 3601 1367 3667 feminam
1387 3599 1416 3663 in

324 3709 559 3776 matrimonium
592 3709 714 3776 ducere.
768 3712 833 3776 Nec
864 3710 943 3778 falso
968 3710 1098 3777 Schaler
1126 3729 1156 3792 p.
1183 3713 1221 3774 15
1242 3715 1275 3775 et
1295 3708 1415 3774 Bohren

272 3833 275 3838 ·
325 3835 355 3898 p.
382 3820 421 3880 42
443 3817 473 3881 id
495 3817 668 3898 negligunt,
691 3819 775 3897 quod
795 3818 1006 3914 Laert.Diog.
1028 3820 1044 3885 Ι
1065 3821 1103 3884 72
1125 3837 1197 3885 eum
1218 3820 1320 3886 tradit
1342 3818 1416 3884 circa

324 3926 415 3990 olan
438 3923 572 4008 γέροντα
593 3925 698 4004 fuisse,
716 3944 789 3992 curn
810 3927 978 3994 verisimile
998 3946 1059 3993 non
1081 3929 1132 4006 sit,
1155 3923 1291 4011 γέροντα
1313 3926 1414 3993 eodem

325 4039 468 4118 tempora
489 4035 643 4118 ephorum
666 4041 812 4102 vocatum
835 4055 911 4102 esse.
954 4037 1022 4103 Hoc
1042 4037 1115 4103 dicit
1135 4037 1308 4104 Sosicrates
1324 4035 1348 4118 ι)
1370 4050 1414 4099 ar·

326 4144 441 4210 chonte
457 4143 657 4227 Euthydemo
681 4145 800 4212 lactum
824 4162 901 4224 esse,
931 4146 987 4228 qui-
1007 4145 1178 4212 seuundum
1198 4145 1340 4210 Marmor
1359 4143 1413 4206 Pu·

427 4367 452 4440 1)
475 4367 566 4425 Laert.
586 4368 667 4441 Diog.
686 4368 756 4422 168.
