3032 5086
773 505 808 556 42

251 675 465 757 detorqueam,
487 677 571 741 unde
591 677 730 742 maximo
752 677 878 742 demum
900 675 1008 744 labore
1030 676 1105 758 quid
1128 681 1250 744 certum
1272 674 1354 756 quid

246 785 399 850 incertum
421 785 463 850 sit
484 783 654 848 diiudicare
675 785 807 864 possint.
1032 851 1037 864 ,

349 893 482 986 Venisse
491 892 707 974 Epimenidem
718 891 865 973 Spartam
881 895 1009 973 praeter
1020 911 1073 959 eos
1088 911 1167 972 quos
1188 894 1253 958 iam
1265 911 1353 958 com·

246 1000 425 1066 memorabo
447 1003 532 1067 locos
554 1004 714 1066 testantur
736 1001 888 1067 Tatianus
909 1003 955 1066 41.
973 1006 1006 1066 et
1027 1000 1172 1068 Clemens
1194 999 1284 1066 Alex.
1315 1002 1351 1065 in

252 1109 446 1174 Stromatum
469 1109 548 1174 libro
568 1109 633 1174 121
658 1129 688 1191 p.
701 1113 761 1175 399
774 1109 809 1176 P.
844 1113 937 1192 Apud
962 1117 1134 1192 utrumque
1156 1115 1220 1178 est:
1239 1101 1309 1174 'Era
1331 1104 1353 1173 ὁ

247 1212 348 1304 Κρής,
381 1212 471 1295 ὅστις
493 1214 540 1295 εἰς
562 1213 715 1302 Σπάρτην
738 1210 884 1304 ἄφίκετο.
915 1220 1050 1306 ¹Deinde
1071 1239 1141 1284 cum
1169 1218 1353 1286 Pausanias

247 1325 418 1408 11111‚‚11
450 1328 576 1407 tradat,
610 1333 848 1393 monumentum
876 1327 1013 1413 (μνῆμα)
1046 1331 1113 1395 eius
1141 1329 1172 1392 in
1207 1329 1353 1409 antiquis

246 1436 439 1516 ephororum
459 1435 588 1502 aedibus
611 1435 718 1516 fuisse,
742 1437 815 1502 licet
836 1439 1031 1524 concludere»,
1055 1436 1270 1517 Epimenidem
1288 1436 1352 1501 ali·

177 1540 178 1543 ’
246 1561 308 1627 quo
331 1545 425 1610 modo
447 1546 486 1610 de
508 1545 633 1626 ephoris
657 1545 805 1610 meritum
828 1563 908 1612 esse.
1199 1619 1200 1622 Ἴ

253 1673 256 1678 ’
347 1653 518 1720 Praeterea
540 1655 670 1721 maximi
693 1655 844 1720 momenti
867 1658 955 1734 sunt,
989 1673 1071 1735 quae
1099 1653 1138 1718 do
1165 1654 1247 1719 corio
1277 1653 1353 1721 eius

248 1763 356 1828 multis
378 1762 456 1828 locis
475 1763 595 1828 tradita
618 1767 701 1829 sunt.
743 1762 804 1828 Est
826 1763 908 1826 enim
931 1763 962 1827 in
985 1761 1082 1828 Suida
1111 1763 1199 1828 etin
1223 1762 1354 1827 Arsenii

249 1869 374 1936 violato
386 1869 434 1954 ¹):
453 1869 682 1953 Επιμενίδειον
705 1869 807 1953 δέρμα
827 1869 884 1934 ἐπὶ
906 1872 972 1933 τῶν
992 1861 1183 1934 ἀποθέτων.
1214 1869 1353 1936 Praeter

249 1996 331 2059 quae
344 1979 440 2045 verba
452 1985 501 2046 est
512 1981 543 2044 in
554 1979 734 2046 Proverbiis
744 1979 831 2046 Bodl.
841 1980 956 2062 filib:
979 1970 1133 2043 ἀπέκειτο
1152 1973 1212 2062 γὰρ
1226 1971 1307 2052 κατά
1314 2001 1353 2043 τι

249 2079 359 2170 λόγιον
368 2079 1042 2169 τοῖςΛακεδαιμονίοιςτὸτοῦἙπιμενίόου
1054 2086 1164 2170 δέρμα.
1180 2088 1268 2152 Idem
1279 2085 1352 2154 fere

247 2193 728 2278 estinProverbioDV11128³).
753 2195 895 2285 Adquae
907 2195 1118 2276 accedentes,
1137 2214 1218 2275 quae
1232 2195 1353 2262 Suidas

248 2303 462 2386 otHesychius
472 2304 615 2370 Milesius
630 2305 779 2369 tradunt:
801 2297 1055 2388 τελευτήσαντος
1063 2302 1099 2368 δὲ
1113 2294 1212 2368 αὐτοῦ
1231 2295 1352 2388 πόρῥω

248 2406 374 2495 χρόνων
394 2406 432 2476 ro*
453 2409 556 2494 δέρμα
575 2406 737 2499 εὑρῆσθαι
757 2407 920 2496 γράμμασι
942 2406 1163 2477 κατάστικτον.
1192 2412 1250 2478 llis
1272 2412 1354 2479 locis

249 2521 464 2603 cognoscimus
475 2514 513 2584 τὸ
521 2511 756 2602 Ἐπιμενίδειον
768 2519 869 2603 δέρμα
877 2521 1111 2586 Lacedaemone
1122 2524 1188 2586 tam
1201 2519 1355 2602 religiose

247 2633 445 2696 asservatum
468 2647 552 2708 esse,
585 2633 622 2694 ut
643 2647 757 2694 nomen
785 2629 853 2695 eius
878 2630 910 2694 in
934 2629 1099 2712 proverbio
1122 2628 1277 2694 derebus
1299 2646 1353 2693 ar·

249 2737 335 2806 canis
368 2743 417 2804 et·
434 2737 561 2804 secretis
590 2738 754 2803 diceretur.
794 2737 976 2804 Narrabant
1004 2744 1113 2804 autem
1140 2738 1199 2803 hoe
1230 2737 1352 2803 corium

249 2850 476 2929 postmortem
500 2847 660 2912 inventum
693 2865 762 2913 esse
792 2849 907 2914 litteris
937 2851 1090 2913 notatum.
1137 2847 1267 2914 Nitzsch
1286 2848 1351 2912 l.c.

160 2951 163 2958 ’
250 2975 280 3038 p.
295 2958 352 3019 161
376 2955 456 3020 vidit
479 2954 582 3036 ,δέρμα
606 2956 684 3022 illud
708 2975 769 3023 non
790 2957 938 3023 excoriati
965 2956 1047 3023 vatis
1069 2959 1174 3022 cutem
1195 2957 1251 3022 sed
1272 2954 1353 3044 διφ-

185 3045 186 3050 Ὶ
248 3059 443 3145 depravasse,
467 3062 499 3126 in
521 3064 668 3144 qualibus
694 3065 921 3145 antiquissimis
934 3064 1135 3147 ¹temporibus
1161 3062 1353 3130 scribebant.

249 3171 389 3254 Populus
402 3176 517 3251 autem,
541 3191 611 3237 cum
633 3173 689 3238 illa
710 3175 855 3255 non'ipsa
874 3173 1069 3254 aspiceretur
1091 3172 1146 3238 sed
1168 3171 1352 3238 rumoribus

250 3277 375 3346 tantum
396 3285 472 3346 uota
494 3284 587 3358 esset,
611 3279 833 3360 fabulabatur,
867 3299 930 3346 non
952 3282 1067 3363 pellem
1089 3281 1121 3345 in
1143 3297 1207 3360 qua
1229 3281 1353 3362 scripta

249 3389 665 3470 essentEpimenidisverba
680 3390 851 3470 velinque
872 3391 940 3470 ipse
956 3389 1143 3472 scripsisset,
1166 3389 1221 3454 sed
1244 3392 1353 3454 cutem

202 3487 203 3492 ’
248 3499 316 3563 eius
336 3495 377 3560 ibi
399 3498 557 3564 custodiri.
600 3496 691 3563 Unde
711 3496 820 3562 fabula
842 3503 918 3562 nata
947 3501 1012 3576 est,
1045 3502 1188 3563 nostrum
1211 3515 1231 3562 a
1253 3495 1351 3561 Lace·

249 3605 421 3674 daemoniis
443 3604 643 3672 interfectum
666 3608 699 3670 et
720 3606 914 3672 excoriatum
936 3623 1020 3684 esse,
1056 3607 1089 3670 et
1118 3599 1227 3684 Argivi
1251 3603 1351 3670 Lace·

250 3713 488 3779 daemoniorum
508 3713 711 3780 inimicissimi
733 3712 911 3779 Pausaniae
945 3718 1087 3792 tempore
1109 3712 1241 3792 1121‚3
1264 3709 1351 3778 affir-

249 3822 391 3901 mabant,
413 3837 447 3886 se
467 3820 553 3902 ipsos
567 3824 678 3902 postea
693 3839 807 3902 corpus
821 3821 889 3888 eius
905 3821 1096 3902 surripuisse
1119 3822 1238 3886 etanta
1254 3838 1350 3886 suum

250 3932 411 3998 Minervae
431 3929 586 4011 templum
606 3929 795 3998 humavisse.
839 3931 882 3996 Et
903 3936 939 3996 ut
960 3929 1167 4010 declararent,
1191 3928 1348 4010 quomodo

249 4116 448 4128 ——-

350 4205 377 4274 1)
396 4203 438 4259 ed.
456 4203 533 4274 Walz¹
551 4221 578 4274 p.
590 4204 650 4258 239.

350 4298 753 4370 ammfflmpmu

350 4397 378 4468 3)
398 4395 441 4453 ed.
469 4393 592 4452 Leutuch
609 4397 638 4450 et
655 4393 846 4453 Schneidewin
863 4395 885 4452 1.
