3032 5086
652 525 687 580 49

125 696 204 763 darn
228 695 324 760 animi
348 697 406 761 out
435 693 536 761 soluto
559 693 720 775 liberoque
752 699 839 761 motu
869 692 978 761 luitura
1000 695 1224 778 praesentiant

125 823 193 871 non
213 805 316 872 minus
331 823 425 888 quam
441 803 588 869 Baoidem
606 803 772 870 Boeotium
787 808 820 869 et
838 803 988 887 Sibyllam
1003 804 1222 886 Erythraeam.

124 912 157 978 A
180 912 352 979 Plutarcho
372 914 404 977 in
424 911 538 978 Solone
559 929 590 994 p.
608 915 676 990 165,
698 912 738 977 28
760 899 941 995 appellatur
961 906 1067 1000 σοφὸς
1088 906 1223 996 περὶτὰ

122 1025 211 1088 θεῖα
230 1016 291 1108 τήν
311 1015 605 1106 ἐνθουσιαστικὴν.
628 1073 635 1087 .
658 1018 787 1108 σοφίαν.
830 1021 917 1087 Idem
944 1023 976 1086 iu
998 1022 1064 1088 vita
1085 1022 1223 1104 Agesilai

122 1151 197 1214 cap.
214 1136 232 1196 3
254 1133 363 1198 eadem
385 1149 461 1197 voce
476 1148 608 1213 guarum
623 1148 729 1195 rerum
745 1129 922 1195 divinarum
936 1135 1028 1197 vocat
1043 1129 1223 1213 Diopithem

120 1241 389 1324 chresmologum‚
409 1240 456 1307 ito
479 1243 517 1305 ut
537 1239 614 1304 haec
636 1240 707 1304 laus
727 1237 814 1303 houd
840 1239 885 1304 ita
906 1257 1023 1320 magna
1049 1241 1099 1306 sit.
1121 1240 1223 1306 Paulo

120 1349 255 1418 cautius
275 1351 387 1417 scribit
403 1349 510 1414 Laert.
529 1347 619 1431 Diog.
641 1347 657 1412 Ι
677 1351 751 1412 114:
773 1345 856 1434 φασὶ
874 1345 929 1411 καὶ
948 1342 1220 1432 ,γνωστικώναιον

119 1456 307 1543 γεγονέναιε
344 1457 487 1522 clemens
522 1456 570 1520 Al.
606 1454 755 1521 Stromat.
791 1455 807 1519 I
840 1458 877 1518 21
916 1474 989 1521 eum
1020 1474 1083 1522 non
1115 1458 1219 1525 miuus

116 1565 318 1648 fatiloquum
340 1565 496 1630 nominat:
522 1557 707 1647 προγνώσει
726 1565 949 1646 προσανεῖχεν.
992 1564 1058 1630 Nec
1080 1565 1224 1632 omittere

117 1691 257 1758 possum
287 1674 371 1755 quod
399 1673 569 1740 scholiasta
601 1672 633 1737 iu
662 1672 792 1739 Luciaui
823 1671 986 1738 Timonem
1008 1679 1026 1737 6
1045 1674 1069 1755 ¹)
1100 1678 1221 1755 narrat,

116 1789 272 1850 nostrum
294 1786 367 1864 post
388 1799 531 1848 somnum
554 1781 719 1863 sexaginta
748 1795 901 1847 annornm
923 1786 1029 1848 mente
1052 1783 1222 1849 alienatum

119 1913 211 1974 esse,
233 1898 265 1959 et
286 1911 343 1974 per
363 1892 516 1974 reliquam
540 1891 624 1955 vitae
653 1895 777 1972 partem
799 1891 997 1956 vaticinando
1020 1909 1148 1972 operam
1171 1891 1223 1958 de·

120 2003 224 2069 disse.
266 2001 434 2066 Miraberis
456 2000 598 2081 quisquis
613 1999 751 2065 Lucretii
771 2000 918 2065 laudator
940 2019 973 2066 es
995 2018 1090 2081 quam
1103 2001 1224 2068 similis

118 2111 171 2176 sit
193 2109 264 2175 huie
294 2110 362 2175 loeo
383 2109 562 2192 Hieronym.
585 2108 699 2174 Euseb.
724 2107 796 2174 Chr.
829 2110 870 2174 ad
893 2127 921 2176 a.
946 2109 1019 2175 Abr.
1047 2112 1137 2193 1923,
1169 2111 1223 2194 qui

119 2219 240 2300 tradit,
262 2191 443 2285 baenatium
457 2224 586 2299 poetam
607 2223 718 2298 postea
740 2218 893 2284 amatorio
912 2219 1024 2301 poculo
1040 2219 1071 2284 iu
1086 2219 1225 2286 furorem

116 2345 255 2394 versum
278 2329 399 2408 aliquot
420 2327 516 2393 libros
548 2345 606 2408 per
638 2327 804 2393 intervalla
833 2328 975 2394 insaniae
995 2319 1223 2410 conscripsisse.

119 2437 213 2504 Eece
236 2436 475 2518 inEpimeuidis
496 2435 628 2502 historia
652 2438 772 2502 clarum
793 2437 1022 2519 testimonium,
1044 2456 1139 2520 quam
1162 2455 1225 2502 nou

119 2547 246 2628 dignae
276 2547 340 2612 siut
372 2545 433 2612 lide
457 2545 706 2612 Christianorum
738 2545 864 2612 illorum
889 2547 1073 2626 calumniae,
1108 2548 1222 2629 quibus

119 2675 327 2742 paganomm
350 2659 522 2739 scriptores
539 2657 571 2721 iu
593 2658 803 2740 suspicionem
827 2657 983 2723 adducere
1005 2657 1184 2724 studebant.

232 2769 261 2848 ς.
284 2772 313 2831 9.
357 2766 411 2833 De
432 2767 545 2832 vieto
568 2747 761 2849 Epimenidis
788 2757 1022 2848 disputantibus
1055 2767 1119 2832 iam
1152 2767 1242 2852 licet·

122 2895 331 2960 cognoscere,
362 2876 518 2957 quomodo
548 2875 621 2942 illae
649 2875 776 2941 fabulae
803 2877 904 2957 magis
927 2877 1091 2958 magisque
1112 2881 1225 2944 anemo

121 2989 206 3056 sint.
252 2987 346 3054 Plato
368 2987 406 3054 de
427 2989 488 3070 leg.
510 2986 564 3053 111.
587 2991 647 3052 677
672 2986 701 3050 D
723 2989 949 3053 commemorat
971 2984 1079 3051 Cretes
1101 2991 1224 3068 putare,

118 3097 267 3182 primum
295 3095 511 3178 Epimenidem
541 3097 628 3177 leges
659 3095 888 3177 temperantiae
917 3095 956 3160 ah
983 3094 1121 3162 Hesiodo
1154 3114 1225 3176 pro·

122 3205 253 3291 positas
273 3210 416 3270 secutum
440 3220 519 3283 esse,
540 3219 621 3283 quae
653 3204 728 3266 sunt
754 3216 803 3283 op.
836 3204 870 3266 et
903 3199 968 3266 dies
990 3205 1049 3269 40:
1081 3195 1225 3286 Νήπιοι·

121 3307 208 3381 οὐδὲ
227 3306 335 3379 ἰ’σασιν
356 3306 425 3396 ὅσῳ
452 3309 553 3376 πλέον
574 3303 672 3399 ἥμισυ
695 3302 827 3389 παντός,
851 3299 920 3374 odd’
942 3301 1022 3376 ὅσον
1043 3307 1077 3376 ἐν
1097 3304 1223 3398 μαλάχῃ

120 3447 166 3488 τε
191 3421 245 3486 καὶ
264 3413 438 3510 ἀσφοδέλῳ
458 3420 527 3505 μέγ’
556 3411 674 3505 ὄνειαρ.
730 3422 830 3488 Iidem
864 3420 987 3490 fructus
1011 3423 1043 3487 in
1063 3421 1228 3492 Plutarchi

122 3531 273 3602 convivio
295 3532 356 3598 VH
378 3529 568 3614 sapientium
589 3538 627 3598 ut
648 3531 737 3615 signa
758 3531 979 3615 simplicissimi
1003 3532 1107 3598 dotus
1128 3532 1228 3598 nomi-

122 3645 260 3709 nantur.
291 3632 416 3725 μαλάχη
447 3640 529 3706 euim
560 3645 609 3708 est
630 3641 746 3723 malva,
774 3659 838 3723 qua
860 3639 973 3706 Graeci
994 3646 1031 3706 ut
1050 3641 1137 3708 olere
1157 3659 1226 3709 ves·

119 3753 260 3827 cuntur.
296 3749 351 3815 sed
381 3767 537 3817 summam
564 3749 806 3832 temperantiam
837 3747 888 3816 vel
917 3753 1092 3832 egestatem
1122 3750 1161 3817 de
1184 3751 1222 3817 iis

14 3895 16 3936 ι
121 3858 317 3946 praedicari,
349 3859 403 3940 qui
426 3859 486 3927 hoo
507 3857 636 3940 iaciunt,
663 3859 752 3926 vides
773 3877 813 3926 ex
833 3859 1055 3940 Aristophanis
1077 3857 1173 3926 Pluto
1195 3877 1224 3925 v.

234 4112 259 4182 1)
277 4111 319 4168 ed.
332 4110 463 4180 Iacobitz,
479 4110 518 4167 IV
535 4128 562 4182 p.
576 4112 624 4166 42:
643 4107 726 4166 ὁἘπ.
745 4093 822 4171 oinos
832 4107 906 4182 Κρὴς
922 4100 957 4177 ἦν
971 4104 1174 4182 χρησμολόγος,
1193 4096 1225 4165 οὗ

17 4203 18 4214 ’
121 4211 177 4268 καὶ
201 4204 233 4262 τὸ
259 4208 377 4280 »Κρῆτες
393 4204 436 4262 ἀεὶ
453 4208 587 4278 modorum
613 4201 715 4278 λόγιον.
748 4208 859 4276 λέγουσι
887 4205 919 4259 δὲ
949 4198 972 4265 ξ’
982 4206 1028 4273 ἔτη
1062 4202 1228 4262 ὑπνώσαντα

18 4307 20 4355 l
121 4303 201 4364 οὕτω
210 4302 280 4380 μετὰ
290 4306 371 4360 ταῦτα
381 4300 538 4374 ἀναστῆναι,
555 4298 775 4376 παραλλάττοντα
787 4306 833 4357 καὶ
842 4304 1022 4374 κεκινημένον
1033 4299 1082 4371 τὴν
1095 4298 1228 4374 διάνοιαν,

120 4410 177 4464 καὶ
196 4408 234 4464 εἰς
248 4405 459 4477 χρησμολογλαν
476 4402 604 4458 ἐντεῦθεν
621 4397 718 4455 λοιπὸν
735 4394 854 4454 ἀπιδεῖν.

1060 4497 1079 4550 4
