3032 5086
680 417 714 473 55

138 593 199 670 33,
222 593 318 658 lest:
343 587 553 672 »epimenidis
567 588 701 654 dormire
718 573 899 670 somnum«,
921 587 1006 670 apud
1018 587 1242 670 Aloiphronem

133 699 194 764 III
209 704 260 780 38,
271 704 304 765 2:
326 693 427 764 ὑπνοῖ
440 695 486 777 δέ,
503 691 584 764 ὁόον
594 685 717 786 ἥκουσα
730 696 960 785 τετυφωμένου
974 691 1062 775 τινὸς
1081 693 1242 784 σοφιστοῦ

132 806 297 892 λέγοντος
320 799 525 893 Ἐπιμενίδην
558 800 630 871 τινὰ
658 810 886 894 κεκοιμῆσθαι.
929 807 1021 872 Prov.
1050 805 1142 873 Coisl.
1166 808 1243 900 209:

137 907 409 999 »Ἐπιμενίδειος
429 911 533 994 δυνος
544 915 658 998 dicitur
669 914 725 982 ε’τιὶ
734 919 801 981 τῶν
815 914 886 982 λίαν
895 910 1078 1001 temtor«,
1099 915 1243 982 homines

131 1027 249 1094 somni
257 1027 449 1094 amantiores
458 1031 611 1093 nouantur
619 1027 716 1092 etiam
725 1016 960 1109 Ἐπιμενίδειον
968 1025 1078 1111 δέρμα.
1097 1023 1243 1108 Gregorii

132 1133 253 1219 Cyprii
276 1134 364 1202 Oent.
386 1135 486 1202 1123:
516 1124 723 1217 Ἐπιμενίδου
754 1128 858 1213 δυνος
879 1133 1023 1201 ἐπὶτῶν
1045 1129 1152 1200 πολλὰ
1172 1155 1242 1222 Ινιοι-

130 1242 314 1328 μωμὲνοιν
337 1237 549 1333 πεντήκονταΙ
562 1239 621 1328 γὰρ
645 1240 702 1330 ἔτη
725 1237 914 1310 ἐκάθευδεν.

246 1353 273 1436 ἕ.
289 1358 336 1419 11.
379 1353 458 1421 (lum
481 1355 544 1422 ianr
566 1355 620 1422 diu
636 1355 833 1439 multumque
847 1354 990 1420 hominos
1010 1353 1093 1420 docti
1113 1352 1240 1419 investi·

133 1463 314 1548 genuissent,
336 1481 400 1546 qua
422 1465 544 1530 ratione
565 1464 746 1548 chronologi
756 1470 880 1532 veteres
900 1465 933 1528 in
952 1462 1240 1544 antiquissimorum

132 1576 323 1655 temporum
355 1571 488 1640 historia
518 1592 616 1640 annos
645 1573 899 1652 constituissent,
929 1590 1028 1655 nuper
1060 1571 1150 1639 Diels
1170 1571 1189 1636 l.
1212 1589 1238 1638 o.

15 1747 16 1762 ,
133 1682 248 1749 denuo
270 1681 499 1750 demonstravit
521 1701 590 1762 eos,
621 1683 648 1750 si
676 1685 833 1749 clarorum
862 1683 999 1749 virorum
1022 1698 1121 1746 annos
1136 1678 1240 1747 minus
1308 1709 1312 1720 ·

131 1794 235 1857 notos
257 1789 385 1858 definire
406 1790 569 1872 volebant,
591 1810 711 1859 annum
740 1790 898 1872 noscendi,
918 1789 1013 1870 floris,
1035 1790 1145 1855 mortis
1167 1806 1238 1854 eum

15 1919 16 1938 ι
132 1899 206 1966 alia
225 1903 355 1990 renota
377 1901 589 1983 coniunxisse,
611 1902 652 1967 ab
676 1918 775 1981 eoque
797 1917 928 1965 numero
949 1897 1239 1981 profectosceteros

133 2009 382 2090 comparavisse.
415 2008 524 2075 Veluti
547 2009 607 2075 hoo
625 2010 657 2074 in
678 2027 713 2074 re
731 2014 974 2076 consentaneum
994 2013 1119 2075 estnon
1142 2008 1238 2073 tradi·
1290 2047 1292 2054 ·

133 2121 210 2184 tum
239 2116 278 2184 iis
303 2115 416 2198 fuisse,
449 2135 510 2198 quo
532 2135 613 2184 anno
643 2117 848 2200 Epimenides
877 2122 970 2183 natus
992 2121 1153 2183 essetnec
1175 2133 1237 2197 quo

14 2229 15 2232 ’
133 2243 223 2291 anno
244 2217 383 2308 Spartae
407 2225 526 2293 fuisset.
579 2231 622 2292 At
650 2233 761 2294 notum
789 2230 858 2292 erat
888 2244 960 2291 eum
991 2230 1075 2292 teste
1103 2224 1238 2291 Platone

133 2351 224 2400 anno
249 2353 278 2402 a.
312 2334 344 2401 G.
365 2354 396 2403 n.
424 2339 485 2400 500
511 2335 653 2404 Athenas
680 2336 800 2403 venisse
833 2340 865 2402 et
894 2338 952 2399 157
984 2352 1082 2401 annos
1112 2335 1236 2402 vixisse.

136 2443 285 2511 Platonis
307 2446 389 2511 enim
413 2446 556 2514 numeris
577 2463 630 2512 eos
650 2444 744 2512 fidem
770 2443 917 2511 habuisse
943 2449 980 2509 ut
1005 2444 1129 2510 omnino
1158 2444 1235 2509 veri-

133 2553 332 2620 simillimum
354 2560 402 2622 est
422 2555 469 2621 ita
492 2555 551 2637 ipsi
573 2555 697 2620 numeri
718 2553 839 2620 docent.
877 2553 966 2619 Unus
987 2552 1099 2620 Suidas
1121 2553 1236 2621 tradit:

133 2659 246 2748 μέμονε
271 2660 328 2727 ἐπὶ
347 2664 405 2752 τῆς
426 2658 452 2727 t'
476 2654 693 2746 ὀλυμπιάδος,
712 2664 745 2729 id
770 2661 855 2744 quod
875 2681 932 2744 per
956 2681 990 2730 se
1010 2660 1235 2729 dubitationem

134 2771 287 2853 admittit,
309 2789 378 2838 oum
394 2772 455 2840 sibi
466 2774 605 2856 ipsenon
617 2776 746 2852 constet,
770 2772 848 2854 quid
859 2772 989 2855 singulis
1003 2772 1079 2839 locis
1092 2771 1237 2840 sibivelit

138 2899 212 2948 oum
234 2880 335 2948 dicat:
359 2879 467 2965 μέμονε
489 2880 546 2946 ἐπὶ
556 2890 592 2948 et
606 2885 759 2963 sequatur
770 2900 878 2948 eorum
894 2899 995 2962 usum,
1019 2881 1161 2962 equibus
1177 2899 1235 2949 sua

136 2989 257 3055 hausit.
283 2988 361 3075 ⁴Sed
384 2991 468 3073 apud
489 2990 744 3073 chronographos
765 2988 926 3075 μεμονέναι
954 3008 1077 3072 semper
1104 2991 1170 3056 sere
1195 2990 1235 3058 de

133 3098 295 3165 nascendo
326 3099 442 3165 dieitur
471 3118 542 3166 oum
571 3099 610 3166 de
640 3101 871 3181 temporeque
901 3098 1015 3180 aliquis
1048 3097 1154 3165 floruit
1184 3100 1235 3167 vel

87 3191 94 3210 '
137 3206 242 3275 clarus
265 3206 394 3276 habitus
411 3212 461 3274 est
470 3209 595 3276 soleant
605 3208 652 3274 uti
663 3208 765 3274 verbis
774 3197 927 3292 ἀκμάζειν
938 3213 970 3274 et
979 3206 1233 3293 γνωρίζεσθαιῐ).

137 3315 242 3395 Quam
263 3316 303 3383 ob
326 3335 393 3383 rem
406 3315 565 3399 clinton2)
583 3322 615 3384 et
625 3316 950 3400 Fischerssinostrum
960 3317 1136 3402 olympiade
1145 3317 1233 3383 XXX

136 3429 248 3491 uatum
270 3441 340 3492 esse
360 3422 516 3493 dixerunt.

236 3533 306 3600 Iam
326 3533 367 3599 ab
389 3551 470 3600 anno
495 3523 569 3602 aJO.
582 3555 612 3601 n.
625 3539 685 3602 500
699 3534 851 3615 =ol.70‚
866 3539 881 3598 1
894 3535 922 3602 si
943 3533 1112 3602 deduxeris
1133 3553 1232 3604 annos

137 3645 196 3707 157
220 3644 385 3724 pervenies
403 3644 444 3709 ad
455 3661 573 3709 annum
585 3648 645 3710 657
656 3644 742 3712 =ol.
756 3649 805 3725 30,
821 3633 1023 3726 heredesque
1033 3648 1068 3711 te
1078 3645 1231 3712 rationem

132 3749 259 3824 illorum
283 3751 549 3836 chronologorum
572 3755 737 3822 detexisse.
929 3737 936 3749 ’

234 4003 260 4073 1)
277 4001 311 4058 Α.
330 4001 452 4069 Sehone,
470 4001 719 4078 Untersuehungen
746 4005 816 4061 tiber
843 4005 892 4061 dos
919 4005 1014 4062 Leben
1041 4007 1092 4063 dar
1105 4005 1229 4088 ‘Sappho

131 4096 261 4168 Symbola
278 4098 372 4169 philol
390 4099 578 4166 Bonnenrium
595 4104 672 4158 1867.
692 4121 718 4172 p.
727 4103 781 4156 744
799 4106 857 4157 not.
876 4103 901 4156 ὁ.

233 4195 261 4260 2)
277 4194 388 4250 Olinton
406 4196 473 4250 fasti
490 4196 626 4251 Hellenioi
644 4196 665 4251 I.
703 4195 803 4252 Oxonii
824 4198 900 4253 1834.
918 4214 947 4267 p.
968 4199 1026 4253 193.

233 4290 263 4363 3)
281 4290 365 4347 idem.
402 4291 525 4347 Dautsoh
541 4309 597 4347 von
615 4293 728 4349 Fischer
744 4293 803 4349 und
819 4292 960 4350 Soetboer.
981 4294 1050 4350 1840
1074 4312 1102 4365 p.
1122 4296 1180 4351 105.
1215 4347 1218 4354 .
