<?xml version="1.0" encoding="UTF-8"?>
<!DOCTYPE html PUBLIC "-//W3C//DTD XHTML 1.0 Transitional//EN"
    "http://www.w3.org/TR/xhtml1/DTD/xhtml1-transitional.dtd">
<html xmlns="http://www.w3.org/1999/xhtml" xml:lang="en" lang="en">
 <head>
  <title>
</title>
<meta http-equiv="Content-Type" content="text/html;charset=utf-8" />
  <meta name='ocr-system' content='tesseract 3.04.00' />
  <meta name='ocr-capabilities' content='ocr_page ocr_carea ocr_par ocr_line ocrx_word'/>
</head>
<body>
  <div class='ocr_page' id='page_1' title='image "./deepimenidecret01schugoog_0030.png"; bbox 0 0 3032 5086; ppageno 0'>
   <div class='ocr_carea' id='block_1_1' title="bbox 658 491 693 546">
    <p class='ocr_par' dir='ltr' id='par_1_1' title="bbox 658 491 693 546">
     <span class='ocr_line' id='line_1_1' title="bbox 658 491 693 546; baseline 0 0"><span class='ocrx_word' id='word_1_1' title='bbox 658 491 693 546; x_wconf 75' lang='lat'>25</span> 
     </span>
    </p>
   </div>
   <div class='ocr_carea' id='block_1_2' title="bbox 54 685 1238 1637">
    <p class='ocr_par' dir='ltr' id='par_1_2' title="bbox 54 685 1238 1080">
     <span class='ocr_line' id='line_1_2' title="bbox 54 685 1238 779; baseline 0 -27"><span class='ocrx_word' id='word_1_2' title='bbox 54 702 57 705; x_wconf 89' lang='grc'><em>·</em></span> <span class='ocrx_word' id='word_1_3' title='bbox 123 689 242 771; x_wconf 86' lang='lat' dir='ltr'>movet,</span> <span class='ocrx_word' id='word_1_4' title='bbox 263 685 319 752; x_wconf 88' lang='lat' dir='ltr'>sed</span> <span class='ocrx_word' id='word_1_5' title='bbox 340 687 436 752; x_wconf 90' lang='lat' dir='ltr'>etiam</span> <span class='ocrx_word' id='word_1_6' title='bbox 459 703 498 752; x_wconf 89' lang='lat' dir='ltr'>ea</span> <span class='ocrx_word' id='word_1_7' title='bbox 519 703 602 766; x_wconf 92' lang='lat' dir='ltr'>quae</span> <span class='ocrx_word' id='word_1_8' title='bbox 623 686 664 753; x_wconf 88' lang='lat' dir='ltr'>ab</span> <span class='ocrx_word' id='word_1_9' title='bbox 693 687 764 754; x_wconf 88' lang='lat' dir='ltr'>aliis</span> <span class='ocrx_word' id='word_1_10' title='bbox 790 687 828 753; x_wconf 88' lang='lat' dir='ltr'>de</span> <span class='ocrx_word' id='word_1_11' title='bbox 854 687 948 752; x_wconf 88' lang='lat' dir='ltr'>rebus</span> <span class='ocrx_word' id='word_1_12' title='bbox 974 688 1015 753; x_wconf 89' lang='lat' dir='ltr'>ab</span> <span class='ocrx_word' id='word_1_13' title='bbox 1041 686 1238 779; x_wconf 16' lang='lat' dir='ltr'>Epimenide-</span> 
     </span>
     <span class='ocr_line' id='line_1_3' title="bbox 124 785 1225 878; baseline -0.002 -18"><span class='ocrx_word' id='word_1_14' title='bbox 124 795 474 876; x_wconf 89' lang='lat' dir='ltr'>institntistraduntur,</span> <span class='ocrx_word' id='word_1_15' title='bbox 498 794 668 860; x_wconf 85' lang='lat' dir='ltr'>cohaerent</span> <span class='ocrx_word' id='word_1_16' title='bbox 679 816 748 862; x_wconf 89' lang='lat' dir='ltr'>cum</span> <span class='ocrx_word' id='word_1_17' title='bbox 763 795 812 872; x_wconf 83' lang='lat' dir='ltr'>iis,</span> <span class='ocrx_word' id='word_1_18' title='bbox 834 814 917 877; x_wconf 86' lang='lat' dir='ltr'>quae</span> <span class='ocrx_word' id='word_1_19' title='bbox 928 785 1124 878; x_wconf 84' lang='lat' dir='ltr'>Thucydides</span> <span class='ocrx_word' id='word_1_20' title='bbox 1138 795 1153 860; x_wconf 95' lang='grc' dir='ltr'>Ι</span> <span class='ocrx_word' id='word_1_21' title='bbox 1167 798 1225 859; x_wconf 84' lang='grc'>126</span> 
     </span>
     <span class='ocr_line' id='line_1_4' title="bbox 124 903 1227 987; baseline 0 -19"><span class='ocrx_word' id='word_1_22' title='bbox 124 903 176 968; x_wconf 91' lang='lat' dir='ltr'>de</span> <span class='ocrx_word' id='word_1_23' title='bbox 212 903 472 987; x_wconf 83' lang='lat' dir='ltr'>Cyloniorum</span> <span class='ocrx_word' id='word_1_24' title='bbox 503 905 618 971; x_wconf 90' lang='lat' dir='ltr'>caede</span> <span class='ocrx_word' id='word_1_25' title='bbox 654 910 781 986; x_wconf 86' lang='lat' dir='ltr'>narrat,</span> <span class='ocrx_word' id='word_1_26' title='bbox 814 905 854 970; x_wconf 92' lang='lat' dir='ltr'>de</span> <span class='ocrx_word' id='word_1_27' title='bbox 886 922 950 985; x_wconf 90' lang='lat' dir='ltr'>qua</span> <span class='ocrx_word' id='word_1_28' title='bbox 979 907 1148 986; x_wconf 85' lang='lat' dir='ltr'>propterca</span> <span class='ocrx_word' id='word_1_29' title='bbox 1177 922 1227 969; x_wconf 88' lang='lat' dir='ltr'>ac·</span> 
     </span>
     <span class='ocr_line' id='line_1_5' title="bbox 122 1012 430 1080; baseline 0.006 -2"><span class='ocrx_word' id='word_1_30' title='bbox 122 1013 268 1079; x_wconf 89' lang='lat' dir='ltr'>curatius</span> <span class='ocrx_word' id='word_1_31' title='bbox 280 1012 430 1080; x_wconf 91' lang='lat' dir='ltr'>dicemus.</span> 
     </span>
    </p>

    <p class='ocr_par' dir='ltr' id='par_1_3' title="bbox 121 1119 1228 1637">
     <span class='ocr_line' id='line_1_6' title="bbox 231 1119 1228 1206; baseline -0.002 -20"><span class='ocrx_word' id='word_1_32' title='bbox 231 1123 258 1206; x_wconf 65' lang='lat' dir='ltr'>g.</span> <span class='ocrx_word' id='word_1_33' title='bbox 271 1127 299 1188; x_wconf 88' lang='lat'>3.</span> <span class='ocrx_word' id='word_1_34' title='bbox 343 1121 530 1192; x_wconf 91' lang='lat' dir='ltr'>Nelidarum</span> <span class='ocrx_word' id='word_1_35' title='bbox 551 1142 649 1206; x_wconf 83' lang='lat' dir='ltr'>regno</span> <span class='ocrx_word' id='word_1_36' title='bbox 671 1123 797 1189; x_wconf 85' lang='lat' dir='ltr'>subiato</span> <span class='ocrx_word' id='word_1_37' title='bbox 818 1141 881 1189; x_wconf 93' lang='lat' dir='ltr'>non</span> <span class='ocrx_word' id='word_1_38' title='bbox 896 1127 962 1190; x_wconf 89' lang='lat' dir='ltr'>tam</span> <span class='ocrx_word' id='word_1_39' title='bbox 978 1119 1088 1204; x_wconf 85' lang='lat' dir='ltr'>populi</span> <span class='ocrx_word' id='word_1_40' title='bbox 1097 1120 1228 1186; x_wconf 89' lang='lat' dir='ltr'>libertas</span> 
     </span>
     <span class='ocr_line' id='line_1_7' title="bbox 124 1228 1228 1309; baseline -0.001 -17"><span class='ocrx_word' id='word_1_41' title='bbox 124 1246 226 1309; x_wconf 89' lang='lat' dir='ltr'>quam</span> <span class='ocrx_word' id='word_1_42' title='bbox 246 1228 495 1308; x_wconf 84' lang='lat' dir='ltr'>Eupatridarnm</span> <span class='ocrx_word' id='word_1_43' title='bbox 523 1230 652 1294; x_wconf 88' lang='lat' dir='ltr'>licentia</span> <span class='ocrx_word' id='word_1_44' title='bbox 671 1228 804 1295; x_wconf 80' lang='lat' dir='ltr'><strong>Athenis</strong></span> <span class='ocrx_word' id='word_1_45' title='bbox 825 1232 978 1308; x_wconf 88' lang='lat' dir='ltr'>creverat,</span> <span class='ocrx_word' id='word_1_46' title='bbox 1000 1246 1082 1309; x_wconf 86' lang='lat' dir='ltr'>quae</span> <span class='ocrx_word' id='word_1_47' title='bbox 1102 1228 1228 1294; x_wconf 91' lang='lat' dir='ltr'>miseria</span> 
     </span>
     <span class='ocr_line' id='line_1_8' title="bbox 122 1336 1228 1420; baseline 0.004 -20"><span class='ocrx_word' id='word_1_48' title='bbox 122 1353 167 1400; x_wconf 93' lang='lat' dir='ltr'>ne</span> <span class='ocrx_word' id='word_1_49' title='bbox 193 1353 232 1401; x_wconf 91' lang='lat' dir='ltr'>ea</span> <span class='ocrx_word' id='word_1_50' title='bbox 253 1337 380 1417; x_wconf 92' lang='lat' dir='ltr'>quidem</span> <span class='ocrx_word' id='word_1_51' title='bbox 406 1356 442 1404; x_wconf 88' lang='lat' dir='ltr'>re</span> <span class='ocrx_word' id='word_1_52' title='bbox 462 1339 584 1404; x_wconf 91' lang='lat' dir='ltr'>minuta</span> <span class='ocrx_word' id='word_1_53' title='bbox 616 1340 675 1416; x_wconf 84' lang='lat' dir='ltr'>est,</span> <span class='ocrx_word' id='word_1_54' title='bbox 710 1337 793 1419; x_wconf 93' lang='lat' dir='ltr'>quod</span> <span class='ocrx_word' id='word_1_55' title='bbox 814 1336 940 1402; x_wconf 85' lang='lat' dir='ltr'><strong>Dracon</strong></span> <span class='ocrx_word' id='word_1_56' title='bbox 972 1339 1060 1420; x_wconf 82' lang='lat' dir='ltr'>leges</span> <span class='ocrx_word' id='word_1_57' title='bbox 1091 1337 1228 1404; x_wconf 87' lang='lat' dir='ltr'>usitatas</span> 
     </span>
     <span class='ocr_line' id='line_1_9' title="bbox 121 1444 1228 1530; baseline 0.002 -22"><span class='ocrx_word' id='word_1_58' title='bbox 121 1444 242 1510; x_wconf 89' lang='lat' dir='ltr'>litteris</span> <span class='ocrx_word' id='word_1_59' title='bbox 263 1445 434 1511; x_wconf 88' lang='lat' dir='ltr'>mandavit.</span> <span class='ocrx_word' id='word_1_60' title='bbox 477 1445 645 1512; x_wconf 76' lang='lat' dir='ltr'>Crescente</span> <span class='ocrx_word' id='word_1_61' title='bbox 670 1447 769 1526; x_wconf 86' lang='lat' dir='ltr'>igitur</span> <span class='ocrx_word' id='word_1_62' title='bbox 797 1445 829 1508; x_wconf 94' lang='lat' dir='ltr'>in</span> <span class='ocrx_word' id='word_1_63' title='bbox 854 1445 921 1511; x_wconf 89' lang='lat' dir='ltr'>dies</span> <span class='ocrx_word' id='word_1_64' title='bbox 950 1444 1104 1512; x_wconf 87' lang='lat' dir='ltr'>discordia</span> <span class='ocrx_word' id='word_1_65' title='bbox 1121 1445 1228 1530; x_wconf 84' lang='lat' dir='ltr'>Cylon,</span> 
     </span>
     <span class='ocr_line' id='line_1_10' title="bbox 126 1536 1227 1637; baseline 0.001 -20"><span class='ocrx_word' id='word_1_66' title='bbox 126 1552 185 1633; x_wconf 90' lang='lat' dir='ltr'>qni</span> <span class='ocrx_word' id='word_1_67' title='bbox 207 1570 330 1619; x_wconf 91' lang='lat' dir='ltr'>summo</span> <span class='ocrx_word' id='word_1_68' title='bbox 349 1536 422 1620; x_wconf 74' lang='lat' dir='ltr'>¹loco</span> <span class='ocrx_word' id='word_1_69' title='bbox 450 1559 546 1621; x_wconf 89' lang='lat' dir='ltr'>natus</span> <span class='ocrx_word' id='word_1_70' title='bbox 577 1554 662 1621; x_wconf 90' lang='lat' dir='ltr'>ludis</span> <span class='ocrx_word' id='word_1_71' title='bbox 689 1553 859 1637; x_wconf 84' lang='lat' dir='ltr'>Olympicis</span> <span class='ocrx_word' id='word_1_72' title='bbox 881 1554 922 1619; x_wconf 89' lang='lat' dir='ltr'>ol.</span> <span class='ocrx_word' id='word_1_73' title='bbox 942 1557 981 1618; x_wconf 82' lang='lat'>35</span> <span class='ocrx_word' id='word_1_74' title='bbox 1005 1573 1135 1620; x_wconf 90' lang='lat' dir='ltr'>recursu</span> <span class='ocrx_word' id='word_1_75' title='bbox 1157 1553 1176 1619; x_wconf 89' lang='lat' dir='ltr'>i.</span> <span class='ocrx_word' id='word_1_76' title='bbox 1200 1573 1227 1620; x_wconf 91' lang='lat' dir='ltr'>e.</span> 
     </span>
    </p>
   </div>
   <div class='ocr_carea' id='block_1_3' title="bbox 100 1653 1295 3584">
    <p class='ocr_par' dir='ltr' id='par_1_4' title="bbox 100 1653 1295 3584">
     <span class='ocr_line' id='line_1_11' title="bbox 124 1653 1230 1746; baseline 0.001 -21"><span class='ocrx_word' id='word_1_77' title='bbox 124 1653 251 1746; x_wconf 79' lang='grc' dir='ltr'><em>διαύλῳ</em></span> <span class='ocrx_word' id='word_1_78' title='bbox 272 1660 434 1728; x_wconf 87' lang='lat' dir='ltr'>victoriam</span> <span class='ocrx_word' id='word_1_79' title='bbox 458 1668 680 1744; x_wconf 85' lang='lat' dir='ltr'>reportaverat</span> <span class='ocrx_word' id='word_1_80' title='bbox 691 1665 724 1746; x_wconf 86' lang='lat'>¹),</span> <span class='ocrx_word' id='word_1_81' title='bbox 744 1667 777 1729; x_wconf 90' lang='lat' dir='ltr'>et</span> <span class='ocrx_word' id='word_1_82' title='bbox 799 1681 868 1728; x_wconf 91' lang='lat' dir='ltr'>cum</span> <span class='ocrx_word' id='word_1_83' title='bbox 886 1661 1230 1745; x_wconf 84' lang='lat' dir='ltr'>TheageneMegaren-</span> 
     </span>
     <span class='ocr_line' id='line_1_12' title="bbox 118 1767 1230 1852; baseline -0.003 -16"><span class='ocrx_word' id='word_1_84' title='bbox 118 1767 212 1852; x_wconf 63' lang='lat' dir='ltr'>,sium</span> <span class='ocrx_word' id='word_1_85' title='bbox 233 1772 369 1850; x_wconf 89' lang='lat' dir='ltr'>tyranno</span> <span class='ocrx_word' id='word_1_86' title='bbox 382 1767 536 1835; x_wconf 88' lang='lat' dir='ltr'>affinitate</span> <span class='ocrx_word' id='word_1_87' title='bbox 549 1769 823 1848; x_wconf 87' lang='lat' dir='ltr'>coniunctuserat‚</span> <span class='ocrx_word' id='word_1_88' title='bbox 844 1767 1044 1850; x_wconf 83' lang='lat' dir='ltr'>tyrannidem</span> <span class='ocrx_word' id='word_1_89' title='bbox 1059 1767 1230 1834; x_wconf 83' lang='lat' dir='ltr'>affectabat</span> 
     </span>
     <span class='ocr_line' id='line_1_13' title="bbox 129 1876 1231 1960; baseline -0.002 -16"><span class='ocrx_word' id='word_1_90' title='bbox 129 1881 165 1944; x_wconf 92' lang='lat' dir='ltr'>et</span> <span class='ocrx_word' id='word_1_91' title='bbox 183 1876 234 1944; x_wconf 92' lang='lat' dir='ltr'>die</span> <span class='ocrx_word' id='word_1_92' title='bbox 245 1876 326 1944; x_wconf 83' lang='lat' dir='ltr'>festo</span> <span class='ocrx_word' id='word_1_93' title='bbox 337 1879 420 1943; x_wconf 86' lang='lat' dir='ltr'>Iovis</span> <span class='ocrx_word' id='word_1_94' title='bbox 430 1876 582 1960; x_wconf 86' lang='lat' dir='ltr'>Olympici</span> <span class='ocrx_word' id='word_1_95' title='bbox 593 1895 698 1943; x_wconf 87' lang='lat' dir='ltr'>arcem</span> <span class='ocrx_word' id='word_1_96' title='bbox 710 1881 926 1959; x_wconf 84' lang='lat' dir='ltr'>occupaverat.</span> <span class='ocrx_word' id='word_1_97' title='bbox 948 1876 1010 1943; x_wconf 87' lang='lat' dir='ltr'>Sed</span> <span class='ocrx_word' id='word_1_98' title='bbox 1024 1876 1231 1943; x_wconf 77' lang='lat' dir='ltr'>Athenienses</span> 
     </span>
     <span class='ocr_line' id='line_1_14' title="bbox 128 1985 1230 2069; baseline 0 -17"><span class='ocrx_word' id='word_1_99' title='bbox 128 1986 270 2066; x_wconf 86' lang='lat' dir='ltr'>undique</span> <span class='ocrx_word' id='word_1_100' title='bbox 285 1989 509 2053; x_wconf 78' lang='lat' dir='ltr'>concurrentes</span> <span class='ocrx_word' id='word_1_101' title='bbox 523 1986 624 2068; x_wconf 90' lang='lat' dir='ltr'>primo</span> <span class='ocrx_word' id='word_1_102' title='bbox 636 1985 697 2067; x_wconf 88' lang='lat' dir='ltr'>ipsi</span> <span class='ocrx_word' id='word_1_103' title='bbox 708 2004 811 2051; x_wconf 92' lang='lat' dir='ltr'>arcem</span> <span class='ocrx_word' id='word_1_104' title='bbox 824 1989 1096 2069; x_wconf 81' lang='lat' dir='ltr'>oppugnaverunt,</span> <span class='ocrx_word' id='word_1_105' title='bbox 1118 1985 1230 2052; x_wconf 89' lang='lat' dir='ltr'>deinde</span> 
     </span>
     <span class='ocr_line' id='line_1_15' title="bbox 127 2093 1229 2176; baseline 0.001 -17"><span class='ocrx_word' id='word_1_106' title='bbox 127 2112 225 2176; x_wconf 85' lang='lat' dir='ltr'>aegre</span> <span class='ocrx_word' id='word_1_107' title='bbox 252 2094 326 2159; x_wconf 92' lang='lat' dir='ltr'>belli</span> <span class='ocrx_word' id='word_1_108' title='bbox 347 2095 514 2160; x_wconf 85' lang='lat' dir='ltr'>miserium</span> <span class='ocrx_word' id='word_1_109' title='bbox 527 2094 665 2161; x_wconf 81' lang='lat' dir='ltr'>terentes</span> <span class='ocrx_word' id='word_1_110' title='bbox 693 2113 759 2160; x_wconf 92' lang='lat' dir='ltr'>rem</span> <span class='ocrx_word' id='word_1_111' title='bbox 783 2095 823 2160; x_wconf 88' lang='lat' dir='ltr'>ad</span> <span class='ocrx_word' id='word_1_112' title='bbox 845 2095 1011 2161; x_wconf 87' lang='lat' dir='ltr'>archontes</span> <span class='ocrx_word' id='word_1_113' title='bbox 1037 2093 1229 2175; x_wconf 90' lang='lat' dir='ltr'>detulerunt,</span> 
     </span>
     <span class='ocr_line' id='line_1_16' title="bbox 127 2189 1231 2285; baseline 0 -18"><span class='ocrx_word' id='word_1_114' title='bbox 127 2221 193 2285; x_wconf 89' lang='lat' dir='ltr'>quo</span> <span class='ocrx_word' id='word_1_115' title='bbox 215 2189 398 2268; x_wconf 82' lang='lat' dir='ltr'>innumero</span> <span class='ocrx_word' id='word_1_116' title='bbox 429 2200 722 2266; x_wconf 90' lang='lat' dir='ltr'>Alcmaeonidarum</span> <span class='ocrx_word' id='word_1_117' title='bbox 744 2218 821 2281; x_wconf 82' lang='lat' dir='ltr'>gens</span> <span class='ocrx_word' id='word_1_118' title='bbox 847 2200 1037 2266; x_wconf 87' lang='lat' dir='ltr'>auctoritate</span> <span class='ocrx_word' id='word_1_119' title='bbox 1058 2204 1090 2264; x_wconf 89' lang='lat' dir='ltr'>et</span> <span class='ocrx_word' id='word_1_120' title='bbox 1112 2200 1231 2267; x_wconf 85' lang='lat' dir='ltr'>divitiis</span> 
     </span>
     <span class='ocr_line' id='line_1_17' title="bbox 127 2290 1229 2394; baseline -0.003 -18"><span class='ocrx_word' id='word_1_121' title='bbox 127 2309 301 2394; x_wconf 86' lang='lat' dir='ltr'>plurimum</span> <span class='ocrx_word' id='word_1_122' title='bbox 326 2309 474 2393; x_wconf 87' lang='lat' dir='ltr'>pollebat.</span> <span class='ocrx_word' id='word_1_123' title='bbox 517 2290 637 2373; x_wconf 81' lang='lat' dir='ltr'>Eorum</span> <span class='ocrx_word' id='word_1_124' title='bbox 657 2309 779 2390; x_wconf 89' lang='lat' dir='ltr'>impetu</span> <span class='ocrx_word' id='word_1_125' title='bbox 791 2313 919 2374; x_wconf 88' lang='lat' dir='ltr'>coactus</span> <span class='ocrx_word' id='word_1_126' title='bbox 940 2326 1013 2372; x_wconf 86' lang='lat' dir='ltr'>mox</span> <span class='ocrx_word' id='word_1_127' title='bbox 1035 2308 1133 2392; x_wconf 75' lang='lat' dir='ltr'>(tylon</span> <span class='ocrx_word' id='word_1_128' title='bbox 1159 2326 1229 2373; x_wconf 90' lang='lat' dir='ltr'>cum</span> 
     </span>
     <span class='ocr_line' id='line_1_18' title="bbox 128 2414 1231 2499; baseline -0.001 -16"><span class='ocrx_word' id='word_1_129' title='bbox 128 2418 231 2486; x_wconf 84' lang='lat' dir='ltr'>fratre</span> <span class='ocrx_word' id='word_1_130' title='bbox 253 2436 292 2483; x_wconf 86' lang='lat' dir='ltr'>ex</span> <span class='ocrx_word' id='word_1_131' title='bbox 311 2437 383 2485; x_wconf 87' lang='lat' dir='ltr'>arce</span> <span class='ocrx_word' id='word_1_132' title='bbox 405 2414 539 2498; x_wconf 79' lang='lat' dir='ltr'>aufugit,</span> <span class='ocrx_word' id='word_1_133' title='bbox 571 2416 686 2482; x_wconf 88' lang='lat' dir='ltr'>milites</span> <span class='ocrx_word' id='word_1_134' title='bbox 719 2421 751 2481; x_wconf 90' lang='lat' dir='ltr'>et</span> <span class='ocrx_word' id='word_1_135' title='bbox 772 2417 864 2483; x_wconf 88' lang='lat' dir='ltr'>amici</span> <span class='ocrx_word' id='word_1_136' title='bbox 886 2415 971 2482; x_wconf 85' lang='lat' dir='ltr'>fame</span> <span class='ocrx_word' id='word_1_137' title='bbox 998 2418 1129 2484; x_wconf 83' lang='lat' dir='ltr'>coniecti</span> <span class='ocrx_word' id='word_1_138' title='bbox 1154 2435 1231 2499; x_wconf 84' lang='lat' dir='ltr'>pars</span> 
     </span>
     <span class='ocr_line' id='line_1_19' title="bbox 129 2519 1229 2608; baseline -0.005 -14"><span class='ocrx_word' id='word_1_139' title='bbox 129 2528 171 2594; x_wconf 85' lang='lat' dir='ltr'>ad</span> <span class='ocrx_word' id='word_1_140' title='bbox 193 2527 356 2594; x_wconf 81' lang='lat' dir='ltr'>Minervae</span> <span class='ocrx_word' id='word_1_141' title='bbox 377 2519 544 2603; x_wconf 80' lang='grc' dir='ltr'><strong><em>Πολιάδος</em></strong></span> <span class='ocrx_word' id='word_1_142' title='bbox 555 2527 581 2608; x_wconf 77' lang='lat'>²)</span> <span class='ocrx_word' id='word_1_143' title='bbox 604 2544 677 2592; x_wconf 84' lang='lat' dir='ltr'>aras</span> <span class='ocrx_word' id='word_1_144' title='bbox 699 2525 731 2589; x_wconf 93' lang='lat' dir='ltr'>in</span> <span class='ocrx_word' id='word_1_145' title='bbox 754 2543 834 2604; x_wconf 87' lang='lat' dir='ltr'>arce,</span> <span class='ocrx_word' id='word_1_146' title='bbox 856 2543 931 2606; x_wconf 84' lang='lat' dir='ltr'>pars</span> <span class='ocrx_word' id='word_1_147' title='bbox 954 2526 994 2590; x_wconf 84' lang='lat' dir='ltr'>ad</span> <span class='ocrx_word' id='word_1_148' title='bbox 1019 2526 1229 2590; x_wconf 87' lang='lat' dir='ltr'>Eumenidum</span> 
     </span>
     <span class='ocr_line' id='line_1_20' title="bbox 127 2633 1231 2716; baseline -0.005 -14"><span class='ocrx_word' id='word_1_149' title='bbox 127 2654 231 2714; x_wconf 88' lang='lat' dir='ltr'>sacra,</span> <span class='ocrx_word' id='word_1_150' title='bbox 252 2653 334 2716; x_wconf 88' lang='lat' dir='ltr'>quae</span> <span class='ocrx_word' id='word_1_151' title='bbox 367 2637 397 2700; x_wconf 93' lang='lat' dir='ltr'>in</span> <span class='ocrx_word' id='word_1_152' title='bbox 421 2635 504 2701; x_wconf 87' lang='lat' dir='ltr'>valle</span> <span class='ocrx_word' id='word_1_153' title='bbox 537 2635 620 2700; x_wconf 90' lang='lat' dir='ltr'>inter</span> <span class='ocrx_word' id='word_1_154' title='bbox 639 2652 744 2700; x_wconf 89' lang='lat' dir='ltr'>arcem</span> <span class='ocrx_word' id='word_1_155' title='bbox 771 2641 804 2700; x_wconf 91' lang='lat' dir='ltr'>et</span> <span class='ocrx_word' id='word_1_156' title='bbox 826 2633 1029 2716; x_wconf 84' lang='lat' dir='ltr'>Areopagum</span> <span class='ocrx_word' id='word_1_157' title='bbox 1052 2633 1231 2715; x_wconf 89' lang='lat' dir='ltr'>etquidem</span> 
     </span>
     <span class='ocr_line' id='line_1_21' title="bbox 129 2740 1231 2828; baseline -0.001 -19"><span class='ocrx_word' id='word_1_158' title='bbox 129 2745 275 2828; x_wconf 85' lang='lat' dir='ltr'>proxime</span> <span class='ocrx_word' id='word_1_159' title='bbox 298 2743 381 2826; x_wconf 86' lang='lat' dir='ltr'>apud</span> <span class='ocrx_word' id='word_1_160' title='bbox 412 2743 497 2810; x_wconf 90' lang='lat' dir='ltr'>hunc</span> <span class='ocrx_word' id='word_1_161' title='bbox 521 2745 582 2810; x_wconf 91' lang='lat' dir='ltr'>sita</span> <span class='ocrx_word' id='word_1_162' title='bbox 608 2746 748 2824; x_wconf 62' lang='lat' dir='ltr'>oranti),</span> <span class='ocrx_word' id='word_1_163' title='bbox 769 2740 964 2826; x_wconf 83' lang='lat' dir='ltr'>confugiunt.</span> <span class='ocrx_word' id='word_1_164' title='bbox 1014 2743 1126 2822; x_wconf 89' lang='lat' dir='ltr'>Itaque</span> <span class='ocrx_word' id='word_1_165' title='bbox 1159 2759 1231 2808; x_wconf 85' lang='lat' dir='ltr'>arce</span> 
     </span>
     <span class='ocr_line' id='line_1_22' title="bbox 132 2849 1231 2935; baseline -0.003 -17"><span class='ocrx_word' id='word_1_166' title='bbox 132 2855 288 2935; x_wconf 89' lang='lat' dir='ltr'>occupata</span> <span class='ocrx_word' id='word_1_167' title='bbox 310 2871 350 2916; x_wconf 90' lang='lat' dir='ltr'>ne</span> <span class='ocrx_word' id='word_1_168' title='bbox 370 2851 505 2935; x_wconf 80' lang='lat' dir='ltr'>perfugii</span> <span class='ocrx_word' id='word_1_169' title='bbox 526 2850 715 2918; x_wconf 86' lang='lat' dir='ltr'>inviolabilis</span> <span class='ocrx_word' id='word_1_170' title='bbox 740 2851 940 2917; x_wconf 89' lang='lat' dir='ltr'>sanctitatem</span> <span class='ocrx_word' id='word_1_171' title='bbox 960 2849 1115 2916; x_wconf 89' lang='lat' dir='ltr'>violarent</span> <span class='ocrx_word' id='word_1_172' title='bbox 1137 2849 1231 2916; x_wconf 87' lang='lat' dir='ltr'>duces</span> 
     </span>
     <span class='ocr_line' id='line_1_23' title="bbox 129 2959 1232 3044; baseline -0.003 -18"><span class='ocrx_word' id='word_1_173' title='bbox 129 2959 380 3039; x_wconf 82' lang='lat' dir='ltr'>Atheniensium,</span> <span class='ocrx_word' id='word_1_174' title='bbox 405 2961 442 3034; x_wconf 85' lang='lat' dir='ltr'>iis</span> <span class='ocrx_word' id='word_1_175' title='bbox 463 2961 518 3044; x_wconf 90' lang='lat' dir='ltr'>qui</span> <span class='ocrx_word' id='word_1_176' title='bbox 545 2961 577 3025; x_wconf 93' lang='lat' dir='ltr'>in</span> <span class='ocrx_word' id='word_1_177' title='bbox 600 2978 672 3025; x_wconf 88' lang='lat' dir='ltr'>arce</span> <span class='ocrx_word' id='word_1_178' title='bbox 693 2965 784 3025; x_wconf 88' lang='lat' dir='ltr'>erant</span> <span class='ocrx_word' id='word_1_179' title='bbox 808 2961 999 3042; x_wconf 87' lang='lat' dir='ltr'>promittunt</span> <span class='ocrx_word' id='word_1_180' title='bbox 1030 2978 1064 3024; x_wconf 87' lang='lat' dir='ltr'>se</span> <span class='ocrx_word' id='word_1_181' title='bbox 1082 2974 1232 3040; x_wconf 85' lang='lat' dir='ltr'>parsuros</span> 
     </span>
     <span class='ocr_line' id='line_1_24' title="bbox 130 3065 1231 3149; baseline -0.005 -13"><span class='ocrx_word' id='word_1_182' title='bbox 130 3087 210 3147; x_wconf 87' lang='lat' dir='ltr'>esse,</span> <span class='ocrx_word' id='word_1_183' title='bbox 231 3070 415 3136; x_wconf 87' lang='lat' dir='ltr'>recedentes</span> <span class='ocrx_word' id='word_1_184' title='bbox 437 3068 476 3133; x_wconf 94' lang='lat' dir='ltr'>ab</span> <span class='ocrx_word' id='word_1_185' title='bbox 497 3068 560 3134; x_wconf 85' lang='lat' dir='ltr'>aris</span> <span class='ocrx_word' id='word_1_186' title='bbox 576 3067 750 3146; x_wconf 88' lang='lat' dir='ltr'>concidunt,</span> <span class='ocrx_word' id='word_1_187' title='bbox 774 3065 986 3149; x_wconf 84' lang='lat' dir='ltr'>cuiusdagitii</span> <span class='ocrx_word' id='word_1_188' title='bbox 1001 3065 1231 3149; x_wconf 85' lang='lat' dir='ltr'>posteavariae</span> 
     </span>
     <span class='ocr_line' id='line_1_25' title="bbox 130 3172 1232 3258; baseline -0.007 -14"><span class='ocrx_word' id='word_1_189' title='bbox 130 3195 249 3244; x_wconf 86' lang='lat' dir='ltr'>causae</span> <span class='ocrx_word' id='word_1_190' title='bbox 269 3175 462 3242; x_wconf 79' lang='lat' dir='ltr'>terebantur.</span> <span class='ocrx_word' id='word_1_191' title='bbox 507 3175 588 3254; x_wconf 83' lang='lat' dir='ltr'>Quid</span> <span class='ocrx_word' id='word_1_192' title='bbox 611 3176 725 3258; x_wconf 84' lang='lat' dir='ltr'>plura?</span> <span class='ocrx_word' id='word_1_193' title='bbox 747 3176 869 3257; x_wconf 90' lang='lat' dir='ltr'>pietate</span> <span class='ocrx_word' id='word_1_194' title='bbox 889 3172 1013 3257; x_wconf 89' lang='lat' dir='ltr'>fideque</span> <span class='ocrx_word' id='word_1_195' title='bbox 1034 3176 1120 3240; x_wconf 87' lang='lat' dir='ltr'>laesa</span> <span class='ocrx_word' id='word_1_196' title='bbox 1133 3191 1173 3237; x_wconf 88' lang='lat' dir='ltr'>ne</span> <span class='ocrx_word' id='word_1_197' title='bbox 1192 3172 1232 3237; x_wconf 88' lang='lat' dir='ltr'>ab</span> 
     </span>
     <span class='ocr_line' id='line_1_26' title="bbox 129 3281 1232 3367; baseline -0.005 -17"><span class='ocrx_word' id='word_1_198' title='bbox 129 3285 169 3350; x_wconf 91' lang='lat' dir='ltr'>iis</span> <span class='ocrx_word' id='word_1_199' title='bbox 193 3284 319 3367; x_wconf 90' lang='lat' dir='ltr'>quidem</span> <span class='ocrx_word' id='word_1_200' title='bbox 343 3301 455 3350; x_wconf 90' lang='lat' dir='ltr'>manus</span> <span class='ocrx_word' id='word_1_201' title='bbox 477 3285 655 3364; x_wconf 85' lang='lat' dir='ltr'>abstinent,</span> <span class='ocrx_word' id='word_1_202' title='bbox 682 3285 737 3365; x_wconf 91' lang='lat' dir='ltr'>qui</span> <span class='ocrx_word' id='word_1_203' title='bbox 759 3284 789 3348; x_wconf 93' lang='lat' dir='ltr'>in</span> <span class='ocrx_word' id='word_1_204' title='bbox 814 3282 1025 3348; x_wconf 82' lang='lat' dir='ltr'>Eumenidum</span> <span class='ocrx_word' id='word_1_205' title='bbox 1053 3284 1118 3348; x_wconf 91' lang='lat' dir='ltr'>aris</span> <span class='ocrx_word' id='word_1_206' title='bbox 1145 3281 1232 3347; x_wconf 87' lang='lat' dir='ltr'>sede·</span> 
     </span>
     <span class='ocr_line' id='line_1_27' title="bbox 105 3379 1295 3477; baseline -0.008 -16"><span class='ocrx_word' id='word_1_207' title='bbox 105 3379 107 3383; x_wconf 46' lang='grc'>’</span> <span class='ocrx_word' id='word_1_208' title='bbox 129 3393 256 3477; x_wconf 61' lang='lat' dir='ltr'>banc).</span> <span class='ocrx_word' id='word_1_209' title='bbox 299 3393 401 3460; x_wconf 87' lang='lat' dir='ltr'>Huius</span> <span class='ocrx_word' id='word_1_210' title='bbox 427 3393 552 3459; x_wconf 88' lang='lat' dir='ltr'>sceleris</span> <span class='ocrx_word' id='word_1_211' title='bbox 573 3393 753 3458; x_wconf 84' lang='lat' dir='ltr'>immanitas</span> <span class='ocrx_word' id='word_1_212' title='bbox 774 3393 855 3458; x_wconf 92' lang='lat' dir='ltr'>iram</span> <span class='ocrx_word' id='word_1_213' title='bbox 879 3391 1032 3474; x_wconf 84' lang='lat' dir='ltr'>aOylone</span> <span class='ocrx_word' id='word_1_214' title='bbox 1053 3391 1093 3456; x_wconf 93' lang='lat' dir='ltr'>ad</span> <span class='ocrx_word' id='word_1_215' title='bbox 1115 3390 1232 3454; x_wconf 88' lang='lat' dir='ltr'>nobiles</span> <span class='ocrx_word' id='word_1_216' title='bbox 1294 3421 1295 3428; x_wconf 20' lang='grc' dir='ltr'><strong>κ</strong></span> 
     </span>
     <span class='ocr_line' id='line_1_28' title="bbox 100 3479 1231 3584; baseline -0.001 -19"><span class='ocrx_word' id='word_1_217' title='bbox 100 3479 105 3510; x_wconf 30' lang='grc' dir='ltr'><strong><em>Κ</em></strong></span> <span class='ocrx_word' id='word_1_218' title='bbox 130 3501 206 3568; x_wconf 90' lang='lat' dir='ltr'>illos</span> <span class='ocrx_word' id='word_1_219' title='bbox 227 3501 407 3584; x_wconf 84' lang='lat' dir='ltr'>declinavit,</span> <span class='ocrx_word' id='word_1_220' title='bbox 430 3503 485 3584; x_wconf 92' lang='lat' dir='ltr'>qui</span> <span class='ocrx_word' id='word_1_221' title='bbox 506 3502 651 3583; x_wconf 89' lang='lat' dir='ltr'>potentia</span> <span class='ocrx_word' id='word_1_222' title='bbox 673 3493 731 3567; x_wconf 84' lang='lat' dir='ltr'>sua</span> <span class='ocrx_word' id='word_1_223' title='bbox 751 3501 841 3566; x_wconf 87' lang='lat' dir='ltr'>abusi</span> <span class='ocrx_word' id='word_1_224' title='bbox 855 3500 1038 3581; x_wconf 84' lang='lat' dir='ltr'>religionem</span> <span class='ocrx_word' id='word_1_225' title='bbox 1050 3498 1231 3580; x_wconf 87' lang='lat' dir='ltr'>turpissime</span> 
     </span>
    </p>
   </div>
   <div class='ocr_carea' id='block_1_4' title="bbox 59 3762 1234 4417">
    <p class='ocr_par' dir='ltr' id='par_1_5' title="bbox 59 3762 1234 4417">
     <span class='ocr_line' id='line_1_29' title="bbox 238 3762 1233 3842; baseline -0.005 -18"><span class='ocrx_word' id='word_1_226' title='bbox 238 3772 265 3840; x_wconf 91' lang='grc'>1)</span> <span class='ocrx_word' id='word_1_227' title='bbox 282 3769 368 3826; x_wconf 87' lang='lat' dir='ltr'>Thuo.</span> <span class='ocrx_word' id='word_1_228' title='bbox 388 3771 407 3828; x_wconf 92' lang='lat' dir='ltr'>l.</span> <span class='ocrx_word' id='word_1_229' title='bbox 427 3787 449 3825; x_wconf 88' lang='lat' dir='ltr'>c.</span> <span class='ocrx_word' id='word_1_230' title='bbox 470 3773 494 3836; x_wconf 69' lang='lat'>§-</span> <span class='ocrx_word' id='word_1_231' title='bbox 512 3773 544 3825; x_wconf 87' lang='lat'>2:</span> <span class='ocrx_word' id='word_1_232' title='bbox 580 3764 679 3825; x_wconf 74' lang='grc' dir='ltr'><strong><em>Κύλων</em></strong></span> <span class='ocrx_word' id='word_1_233' title='bbox 695 3762 729 3838; x_wconf 79' lang='grc' dir='ltr'>ἦν</span> <span class='ocrx_word' id='word_1_234' title='bbox 747 3767 953 3842; x_wconf 78' lang='grc' dir='ltr'><strong><em>Ὀλυμπιονίκης</em></strong></span> <span class='ocrx_word' id='word_1_235' title='bbox 978 3771 1031 3823; x_wconf 86' lang='lat' dir='ltr'>etc.</span> <span class='ocrx_word' id='word_1_236' title='bbox 1044 3815 1048 3818; x_wconf 97' lang='lat'>.</span> <span class='ocrx_word' id='word_1_237' title='bbox 1059 3765 1121 3821; x_wconf 83' lang='lat' dir='ltr'>Sex.</span> <span class='ocrx_word' id='word_1_238' title='bbox 1146 3765 1233 3820; x_wconf 80' lang='lat' dir='ltr'>Iulius</span> 
     </span>
     <span class='ocr_line' id='line_1_30' title="bbox 133 3865 966 3939; baseline 0.005 -19"><span class='ocrx_word' id='word_1_239' title='bbox 133 3865 282 3922; x_wconf 84' lang='lat' dir='ltr'>Africanus</span> <span class='ocrx_word' id='word_1_240' title='bbox 302 3866 345 3922; x_wconf 85' lang='lat' dir='ltr'>ed.</span> <span class='ocrx_word' id='word_1_241' title='bbox 364 3867 495 3939; x_wconf 84' lang='lat' dir='ltr'>Rutgers.</span> <span class='ocrx_word' id='word_1_242' title='bbox 514 3885 542 3938; x_wconf 87' lang='lat' dir='ltr'>p.</span> <span class='ocrx_word' id='word_1_243' title='bbox 552 3870 593 3923; x_wconf 78' lang='lat'>13.</span> <span class='ocrx_word' id='word_1_244' title='bbox 962 3886 966 3894; x_wconf 91' lang='lat'>·</span> 
     </span>
     <span class='ocr_line' id='line_1_31' title="bbox 59 3957 1233 4036; baseline -0.013 -10"><span class='ocrx_word' id='word_1_245' title='bbox 59 4019 63 4026; x_wconf 86' lang='lat'><em>.</em></span> <span class='ocrx_word' id='word_1_246' title='bbox 224 3964 262 4036; x_wconf 64' lang='lat'>¹2)</span> <span class='ocrx_word' id='word_1_247' title='bbox 281 3964 310 4020; x_wconf 80' lang='grc'>0.</span> <span class='ocrx_word' id='word_1_248' title='bbox 329 3964 524 4028; x_wconf 85' lang='lat' dir='ltr'>Wachsmuth‚</span> <span class='ocrx_word' id='word_1_249' title='bbox 551 3963 597 4019; x_wconf 86' lang='lat' dir='ltr'>die</span> <span class='ocrx_word' id='word_1_250' title='bbox 620 3961 701 4019; x_wconf 78' lang='lat' dir='ltr'>stada</span> <span class='ocrx_word' id='word_1_251' title='bbox 723 3960 816 4017; x_wconf 85' lang='lat' dir='ltr'>Athen</span> <span class='ocrx_word' id='word_1_252' title='bbox 838 3961 877 4016; x_wconf 92' lang='lat' dir='ltr'>im</span> <span class='ocrx_word' id='word_1_253' title='bbox 903 3959 1071 4016; x_wconf 81' lang='lat' dir='ltr'>Alterthum.</span> <span class='ocrx_word' id='word_1_254' title='bbox 1096 3959 1151 4028; x_wconf 89' lang='lat' dir='ltr'>Ip.</span> <span class='ocrx_word' id='word_1_255' title='bbox 1172 3957 1233 4012; x_wconf 79' lang='lat'><strong>502.</strong></span> 
     </span>
     <span class='ocr_line' id='line_1_32' title="bbox 133 4059 777 4129; baseline -0.006 -15"><span class='ocrx_word' id='word_1_256' title='bbox 133 4062 191 4114; x_wconf 87' lang='lat' dir='ltr'>not.</span> <span class='ocrx_word' id='word_1_257' title='bbox 211 4059 237 4114; x_wconf 80' lang='lat'>2.</span> <span class='ocrx_word' id='word_1_258' title='bbox 589 4124 592 4129; x_wconf 25' lang='grc' dir='ltr'>Ι</span> <span class='ocrx_word' id='word_1_259' title='bbox 775 4063 777 4068; x_wconf 86' lang='grc'><strong>“</strong></span> 
     </span>
     <span class='ocr_line' id='line_1_33' title="bbox 234 4154 499 4227; baseline 0.004 -17"><span class='ocrx_word' id='word_1_260' title='bbox 234 4155 263 4227; x_wconf 79' lang='grc'>3)</span> <span class='ocrx_word' id='word_1_261' title='bbox 278 4154 384 4212; x_wconf 84' lang='lat' dir='ltr'>ibidem</span> <span class='ocrx_word' id='word_1_262' title='bbox 402 4173 428 4226; x_wconf 85' lang='lat' dir='ltr'>p.</span> <span class='ocrx_word' id='word_1_263' title='bbox 438 4155 499 4212; x_wconf 76' lang='lat'><strong>253.</strong></span> 
     </span>
     <span class='ocr_line' id='line_1_34' title="bbox 231 4243 1234 4321; baseline -0.006 -16"><span class='ocrx_word' id='word_1_264' title='bbox 231 4251 260 4321; x_wconf 76' lang='lat'>4)</span> <span class='ocrx_word' id='word_1_265' title='bbox 279 4250 365 4306; x_wconf 82' lang='lat' dir='ltr'>Theo.</span> <span class='ocrx_word' id='word_1_266' title='bbox 391 4249 409 4305; x_wconf 83' lang='lat' dir='ltr'>L</span> <span class='ocrx_word' id='word_1_267' title='bbox 433 4267 458 4306; x_wconf 91' lang='lat' dir='ltr'>o.</span> <span class='ocrx_word' id='word_1_268' title='bbox 489 4249 614 4320; x_wconf 68' lang='grc' dir='ltr'>Ιᾶιιὶθθὴ,</span> <span class='ocrx_word' id='word_1_269' title='bbox 648 4249 683 4305; x_wconf 83' lang='lat' dir='ltr'>dc</span> <span class='ocrx_word' id='word_1_270' title='bbox 716 4249 885 4306; x_wconf 80' lang='lat' dir='ltr'>Graecorum</span> <span class='ocrx_word' id='word_1_271' title='bbox 925 4247 1017 4318; x_wconf 82' lang='lat' dir='ltr'>asylis.</span> <span class='ocrx_word' id='word_1_272' title='bbox 1054 4248 1131 4303; x_wconf 82' lang='lat'><strong>1868.</strong></span> <span class='ocrx_word' id='word_1_273' title='bbox 1167 4243 1234 4301; x_wconf 81' lang='lat' dir='ltr'>diss.</span> 
     </span>
     <span class='ocr_line' id='line_1_35' title="bbox 134 4343 334 4417; baseline 0 -17"><span class='ocrx_word' id='word_1_274' title='bbox 134 4343 334 4417; x_wconf 78' lang='lat' dir='ltr'>Gottingemis.</span> 
     </span>
    </p>
   </div>
   <div class='ocr_carea' id='block_1_5' title="bbox 0 0 1526 5086">
    <p class='ocr_par' dir='ltr' id='par_1_6' title="bbox 0 0 1526 5086">
     <span class='ocr_line' id='line_1_36' title="bbox 0 0 1526 5086; baseline 0 0"><span class='ocrx_word' id='word_1_275' title='bbox 0 0 1526 5086; x_wconf 95' lang='lat' dir='ltr'> </span> 
     </span>
    </p>
   </div>
  </div>
 </body>
</html>
