3032 5086
743 500 744 506 ,
818 473 854 528 28

289 646 409 712 incerto
423 663 554 712 numero
568 643 758 730 imaginibus
770 645 978 726 perantiquis,
1000 644 1114 726 quibus
1130 645 1269 712 Calamis
1292 664 1391 712 unam

292 755 439 838 adposuit
460 760 611 822 statuam.
653 754 770 822 Postea
791 771 861 820 cum
890 773 947 836 per
967 754 1128 836 Euripidis
1154 754 1281 822 fabulas
1303 757 1392 832 iuva·

288 865 386 931 luerit
406 866 572 942 sententia,
593 864 665 930 illas
687 869 753 929 tres
773 881 903 930 numero
924 881 1003 944 esse,
1020 863 1140 946 ¹Scopas
1158 863 1240 930 duas
1262 867 1392 930 statuas

290 973 411 1056 addidit
440 973 487 1039 ita
510 976 547 1038 ut
569 970 744 1040 Pausanias
766 972 782 1036 I
804 976 853 1055 28,
876 975 894 1036 6
917 976 983 1038 tres
1004 971 1075 1038 illas
1095 971 1217 1052 viderit,
1252 975 1392 1053 quarum

289 1083 453 1160 aspectum
475 1076 553 1142 nihil
574 1077 715 1143 terribile
736 1077 853 1144 habere
876 1077 1015 1144 affirmat
1029 1077 1064 1162 ¹).
1098 1078 1148 1143 Ita
1169 1098 1205 1145 re
1226 1078 1393 1146 aLoboue

291 1191 422 1253 narrata
463 1186 602 1278 omnium
634 1186 771 1252 maxime
801 1186 944 1253 videmus
984 1185 1161 1254 confirmari
1196 1188 1393 1254 sententiam

289 1313 408 1375 eorum,
452 1295 506 1377 qui
540 1293 757 1377 Epimenidem
799 1297 872 1376 post
910 1294 1077 1376 cylonium
1108 1296 1210 1363 scelus
1243 1295 1391 1363 Athenas

289 1403 412 1470 venisse
433 1403 574 1469 tradunt.

225 1585 229 1594 Δ
389 1509 469 1576 (lum
490 1512 701 1578 Eumenidum
724 1514 812 1579 cultu
825 1513 861 1595 ²),
883 1513 997 1594 quibus
1018 1512 1106 1579 uordi
1127 1516 1232 1580 estut
1257 1512 1394 1579 sanctis·

281 1621 373 1687 ·sima
394 1619 496 1686 officia
516 1621 557 1687 ab
579 1620 760 1690 hominibus
783 1626 957 1701 seruentur,
979 1639 1061 1704 quae
1082 1627 1264 1705 peccatores
1287 1620 1392 1688 iratae

290 1730 436 1812 puniunt,
457 1731 525 1812 pios
540 1731 682 1814 propitiis
705 1719 806 1797 ouulis'
820 1731 984 1814 aspiciunt,
1008 1733 1205 1798 coniunctum
1226 1727 1277 1796 es't
1293 1729 1394 1797 Areo-

291 1839 471 1920 pagitarum
504 1839 677 1906 consilium.
735 1839 947 1921 Areopagitae
976 1840 1064 1905 velut
1088 1839 1223 1904 ministri
1255 1840 1394 1906 dearum

291 1947 489 2012 voluntatem
515 1947 762 2029 exequebantur,
796 1965 930 2030 quarum
952 1947 1078 2013 nomine
1103 1947 1152 2013 ius
1174 1964 1301 2012 sacrum
1321 1952 1394 2014 tue·

290 2056 419 2138 bantur,
437 2056 478 2121 ad
496 2055 579 2137 quod
593 2057 753 2139 pertinent
773 2057 889 2123 iudicia
903 2057 1061 2139 capitalia.
1091 2055 1198 2121 Etiam
1211 2055 1397 2123 Pausaniae

291 2166 308 2230 Ι
330 2168 379 2243 28,
405 2165 629 2247 6temporibus
647 2165 679 2248 ii,
697 2165 750 2246 qui
765 2165 804 2231 ab
816 2164 982 2247 Areopago
997 2165 1124 2231 crimine
1145 2163 1281 2230 absoluti
1297 2171 1395 2232 erant

292 2272 519 2338 Eumenidibus
540 2292 631 2340 sacra
657 2273 830 2339 faciebant:
860 2291 998 2356 quanam
1020 2275 1084 2339 alia
1105 2273 1143 2340 de
1164 2291 1270 2355 causa,
1293 2289 1396 2354 quam

293 2381 378 2462 quod
401 2381 532 2446 basillis
553 2380 676 2448 iudiciis
694 2399 842 2463 praeesse
862 2380 1051 2447 credebant?
1086 2380 1176 2458 Quod
1199 2380 1298 2461 igitur
1315 2380 1396 2462 Epi-

292 2489 447 2556 menidem
468 2493 597 2572 propter
627 2491 755 2557 caedem
784 2491 956 2556 maximam
978 2490 1121 2556 Athenas
1157 2493 1305 2555 vocatum
1326 2491 1397 2555 Eu·

257 2685 259 2690 ,
291 2598 451 2664 menidum
474 2617 564 2664 saera
585 2600 762 2665 restituisse
784 2599 996 2681 eognovimus,
1020 2591 1106 2663 haud
1126 2599 1188 2665 scio
1216 2617 1257 2664 an
1279 2599 1395 2665 eodem

291 2707 450 2790 pertineat
472 2711 568 2787 atque
589 2706 726 2773 alterum
746 2708 833 2786 illud,
866 2708 950 2788 quod
973 2707 1084 2789 postea
1106 2708 1184 2774 duos
1204 2706 1328 2789 lapides
1349 2708 1395 2774 ab

293 2832 330 2882 eo
346 2819 543 2880 eonsecratos
561 2814 708 2897 dicebant
725 2833 803 2899 esse,
826 2832 914 2897 quos,
938 2832 1000 2880 non
1022 2818 1093 2882 arte
1107 2815 1178 2881 illos
1200 2801 1396 2899 elaboratae,

292 2923 468 2990 Pausanias
489 2924 505 2987 Ι
527 2927 577 3003 28,
602 2927 620 2986 5
642 2925 674 2989 in
697 2924 862 3006 Areopago
894 2925 1020 2991 invenit.
1077 2923 1128 2989 Ex
1160 2925 1262 2990 altero
1295 2941 1396 3005 quem

286 3026 434 3114 Ὕβρεως
471 3050 538 3098 esse
556 3083 559 3092 ,
574 3031 719 3098 dicebant
759 3051 846 3112 reus,
884 3053 925 3100 en
964 3035 1065 3101 altero
1097 3051 1189 3114 quem
1221 3023 1394 3120 Ἀναιδείᾳ

293 3140 477 3207 tribuebant
506 3141 671 3206 accusator
699 3141 731 3205 in
753 3141 873 3207 iudiciis
903 3139 1090 3223 capitalibus
1112 3139 1244 3206 dicebat.
1281 3139 1396 3208 Oioero

292 3249 374 3313 enim
407 3249 535 3314 eosdem
568 3245 731 3328 significat,
764 3266 834 3313 oum
855 3248 916 3331 leg.
937 3247 968 3312 Il
992 3252 1040 3327 11,
1066 3250 1106 3312 28
1128 3247 1269 3330 exponit:
1295 3266 1395 3329 „nam

292 3354 371 3420 illud
390 3356 549 3434 vitiosum,
583 3354 715 3419 Athenis
737 3355 822 3435 quod
843 3354 967 3439 Oplonis
990 3347 1107 3422 scelere
1121 3354 1248 3437 expiato
1264 3353 1393 3437 Epime-

294 3462 365 3528 nide
387 3461 480 3529 Crete
500 3463 653 3528 suadente
683 3461 826 3527 fecerunt
847 3462 1064 3529 Contumeliae
1093 3460 1204 3527 fanum
1226 3465 1259 3526 et
1283 3463 1393 3546 Impu-

294 3571 435 3638 dentiae:
467 3570 600 3636 virtutes
628 3569 711 3635 enim
743 3588 809 3636 non·
839 3570 917 3637 vitia
947 3588 1130 3637 consecrare
1157 3570 1259 3636 licet«.
1301 3570 1393 3638 Idem

296 3765 492 3778 ..--—-———

401 3860 427 3930 1)
445 3859 476 3915 P.
499 3859 543 3914 W.
562 3859 786 3927 Forohhammor,
806 3864 841 3919 de
858 3864 997 3934 lapidibus
1016 3865 1045 3919 in
1065 3864 1214 3935 Areopago
1233 3863 1333 3934 quibus
1348 3865 1395 3922 iu·

296 3957 431 4015 sistebant
449 3972 513 4011 reus
531 3959 560 4011 et
578 3962 724 4013 aecusator
741 3961 946 4016 commentatio.
973 3960 1394 4018 Kiliae.lud.Loet.1843-44.
1499 3961 1500 4028 ξ

394 4051 513 4118 Urliohs,
530 4051 632 4123 Soopas
649 4053 679 4107 in
694 4055 799 4130 Attiou.
821 4056 897 4111 1854.
917 4075 945 4127 p.
957 4059 983 4111 b.

394 4145 422 4219 t)
443 4146 479 4204 of.
503 4147 657 4205 Sohbmann
683 4149 766 4204 1522
787 4167 827 4221 eq.
850 4153 879 4207 et
904 4152 1126 4223 antiquissimum
1148 4169 1258 4210 versum
1279 4155 1391 4210 orsouli
1499 4163 1500 4176 ¹

295 4242 447 4315 Dodonaei,
465 4259 546 4313 quem
557 4250 754 4301 commemorat
768 4246 886 4302 Pausan.
898 4248 1004 4318 vitas,
1017 4252 1045 4305 1:
1064 4244 1170 4320 Φράζεο
1189 4242 1346 4321 δ”Αρειόν
1364 4270 1395 4306 τε

295 4333 389 4414 πάγον
404 4333 514 4416 βωμούς
530 4357 559 4396 ss
576 4333 693 4401 dosidem
710 4337 881 4416 Εὐμενίδων.
