3032 5086
814 465 848 516 10

277 633 480 716 scriptoribus
501 636 655 702 traditum
678 653 755 714 esse,
779 635 996 718 Epimenidem
1012 640 1085 716 post
1096 636 1197 701 scelus
1212 633 1380 716 Cylonium

255 827 258 833 Ι
277 742 421 809 Athenas
443 745 575 810 venisse.
621 745 674 808 Ita
695 743 911 826 exHermippi
926 743 1208 824 vitaEpimenidea
1228 743 1257 808 in
1273 745 1381 806 trans·

277 870 372 918 cursu
383 853 535 917 nonnulla
547 853 586 919 de
596 854 664 919 eius
676 854 742 919 vita
756 847 911 932 describit,
928 859 961 919 ct
976 853 1180 934 epistolarum
1196 851 1378 932 exemplum

277 963 405 1026 secutus
435 961 652 1042 Epimenidem
686 960 809 1028 Solonis
842 963 979 1027 amicum
1009 958 1107 1026 fuisse
1138 966 1376 1028 commemorat.

277 1066 369 1132 Initio
390 1067 502 1148 capitis
519 1066 603 1135 ,11111
628 1067 667 1132 ad
689 1067 787 1133 vitam
804 1066 971 1133 Soloneam
986 1066 1071 1134 redit
1090 1075 1259 1152 postquam
1281 1089 1320 1154 ea
1340 1071 1376 1136 in

179 1243 180 1247 ,
276 1176 460 1241 memoriam
489 1177 666 1255 revocavit,
696 1195 778 1258 qnae
807 1181 881 1244 ante
908 1177 1101 1258 Epimenidis
1129 1179 1228 1245 vitam
1250 1169 1300 1243 in'
1313 1178 1380 1246 fine

276 1291 481 1365 exposuerat:
529 1279 569 1350 Οί
590 1282 626 1350 δὲ
657 1277 832 1372 Ἀθηναῖοι
867 1289 925 1372 τῆς
948 1281 1137 1352 Κυλωνείου
1164 1285 1390 1374 πεπαυμένης’

276 1395 416 1479 ταραχῆς
430 1393 484 1458 καὶ
497 1389 730 1477 μεθεστώτων,
749 1389 862 1478 ὥσπερ
884 1390 1018 1481 εἴρηται,
1041 1399 1108 1460 τῶν
1123 1395 1245 1480 ἐναγῶν
1259 1417 1285 1464 e.
1304 1415 1335 1478 q.
1351 1415 1377 1463 e.

275 1503 383 1584 Atque
404 1523 476 1571 cum
498 1510 592 1571 antea
619 1504 797 1571 laudaverit
817 1505 857 1570 ab
878 1505 1065 1588 Epimenide
1091 1507 1172 1573 cives
1194 1506 1382 1573 concordiae

275 1613 467 1680 amantiores
490 1611 592 1680 factos
613 1632 691 1697 esse,
716 1613 780 1679 iam
801 1613 904 1680 denno
924 1616 1037 1681 seditio
1060 1614 1245 1682 exardescit.

274 1811 275 1815 Ἰ
376 1714 441 1787 Νοο
462 1723 566 1788 minus
587 1720 752 1805 Hermippi
779 1723 865 1789 vitae
883 1742 1050 1805 expressae
1071 1728 1147 1790 sunt
1169 1742 1189 1787 a
1211 1723 1377 1789 Demetrio

276 1831 431 1914 Magnete,
454 1832 507 1913 qui
529 1848 611 1896 anno
633 1851 661 1896 a.
686 1830 718 1897 G.
741 1851 771 1898 11.
796 1836 836 1898 43
859 1831 1081 1915 πραγματείαν
1101 1833 1169 1897 τῶν
1193 1825 1379 1914 ὁμωνύμων

277 1940 318 2005 ad
341 1939 433 2004 finem
458 1939 618 2020 perduxit,
642 1941 692 2006 cui
727 1934 846 2024 indices
874 1940 1026 2007 librorum
1056 1946 1090 2006 et
1118 1941 1380 2023 homonymorum

277 2049 459 2128 multasque
492 2048 572 2114 allas
598 2066 650 2113 res
681 2047 841 2113 debemus.
891 2048 1024 2116 Constat
1051 2049 1126 2119 lere,
1146 2050 1187 2114 ab
1212 2067 1248 2114 eo
1271 2049 1378 2118 locum

277 2145 414 2224 Eobonis
436 2157 558 2238 Argivi,
581 2158 635 2237 qui
658 2160 707 2223 est
720 2156 827 2223 Laert.
844 2156 965 2240 Diogl
982 2163 1050 2238 112,
1072 2164 1236 2239 receptum
1257 2159 1378 2240 esscllz

277 2265 333 2332 sed
348 2267 488 2348 ineptam
506 2265 702 2354 Epimenidis
721 2265 888 2346 epistolam
908 2266 1036 2346 sprevit,
1057 2285 1130 2333 cum
1145 2285 1226 2332 nova
1242 2266 1377 2334 dialecto

278 2375 386 2440 Attica
397 2373 615 2455 Epimenidem
630 2375 753 2439 videret
767 2373 903 2440 scribere
916 2392 978 2440 non
999 2375 1181 2458 potuisse).
1221 2376 1286 2442 Nec
1301 2393 1377 2441 vero
1502 2413 1503 2456 ί

277 2483 462 2549 Laertius
484 2482 589 2564 Diog.
612 2483 715 2564 ipsum
738 2483 823 2548 illius
845 2502 925 2564 opus
947 2485 1039 2566 legit,
1067 2502 1137 2550 cum
1161 2502 1224 2549 non
1245 2483 1377 2550 dubium

276 2593 318 2658 sit
338 2592 415 2674 quin
427 2593 594 2659 Nietzsche
615 2593 634 2657 l.
652 2610 676 2657 c.
691 2593 723 2657 in
741 2592 922 2657 universum
944 2595 1030 2657 recte
1051 2584 1240 2674 scriptorum
1261 2593 1377 2659 seriem
1502 2621 1503 2624 ¹

276 2701 484 2781 constituerit,
498 2700 554 2767 sed
566 2700 706 2766 maxima
717 2700 771 2765 illa
782 2719 888 2766 rerum
906 2700 995 2783 copia
1007 2702 1164 2781 descripta
1179 2705 1228 2766 est
1238 2721 1259 2768 a
1268 2701 1378 2768 Diocle
1502 2693 1503 2760 ί

274 2809 435 2892 Magnete,
458 2811 512 2890 qui
523 2808 657 2875 Neronis
665 2813 808 2890 tempore
824 2803 1005 2897 ἐπιδρομὴν
1020 2811 1086 2872 τῶν
1100 2803 1297 2895 φιλοσόφων
1313 2809 1378 2876 edi·
1502 2837 1503 2868 r

277 2914 334 2981 dit.
377 2917 511 2982 Praeter
530 2918 613 2983 hanc
634 2921 667 2984 et
688 2911 881 3002 πίμμετρον
902 2918 1043 2984 eiusdem
1065 2916 1233 2986 Nietzsche
1262 2918 1338 2985 dicit
1359 2937 1379 3008 a

277 3025 406 3090 Laertio
429 3024 521 3108 Diog'.
543 3015 728 3091 unum'lere
750 3042 934 3106 expressum
954 3041 1024 3091 esse
1043 3025 1277 3091 Favorinum
1298 3024 1378 3092 Aro-

278 3133 482 3218 lamnscm³)‚
509 3135 564 3215 qui
592 3133 663 3199 huli
687 3131 780 3198 Gellii
804 3137 971 3213 cognatus,
1006 3132 1134 3198 Traiani
1160 3137 1193 3198 et
1220 3133 1378 3200 Hadriani

276 3243 472 3324 temporibus
484 3235 700 3326 νίαντοδαντὴν
714 3235 861 3321 ἱστορίαν
871 3245 904 3306 et
915 3233 1258 3326 Ἀπομνημονεύματα
1275 3243 1377 3328 scrip·

276 3351 328 3431 sit,
351 3356 523 3434 utrumque
536 3350 650 3417 librum
672 3351 800 3432 plenum
815 3349 1122 3416 narratiuncularum
1140 3357 1172 3419 et
1186 3351 1386 3424 fabularum„

277 3459 377 3538 Quem
400 3465 561 3527 auctorem
584 3477 709 3541 semper
728 3457 947 3541 Laert.'Diog.
969 3459 1121 3539 nominat,
1145 3460 1204 3526 nisi
1223 3459 1278 3525 ille
1297 3458 1390 3526 alios.

274 3568 343 3650 ipse
360 3568 529 3650 scriptores
541 3568 737 3647 laudaverat,
760 3567 791 3631 id
813 3566 898 3649 quod
913 3567 1056 3635 videmus
1076 3567 1174 3648 1111,
1195 3567 1249 3633 uhi
1264 3571 1376 3633 narrat

275 3682 353 3760 quot
374 3695 473 3743 annos
493 3667 710 3756 Epimenidem
738 3674 855 3742 vixisse
884 3674 1073 3742 tradiderint
1102 3676 1243 3756 Phlegon
1266 3675 1377 3743 Cretes

201 3876 203 3880 ι
275 3785 499 3866 Xenophanes.
542 3784 728 3867 Phlegontis
750 3767 842 3850 enim
862 3783 1015 3866 Tralliani
1033 3784 1213 3864 libellum,
1230 3803 1324 3866 quem
1347 3785 1377 3852 is

278 3915 477 3924 ———.

374 3953 403 4024 n)
421 3951 517 4008 naeu.
535 3951 617 4022 erog.
635 3951 648 4006 1
667 3953 710 4007 aa
746 3950 895 4007 diocesano
913 3933 964 4006 an.
986 3952 1023 4006 m.
1042 3950 1132 4006 xxrv
1149 3969 1177 4021 p.
1192 3953 1250 4007 raa

374 4048 402 4117 2)
422 4047 516 4104 Laert.
537 4046 617 4119 Diog.
637 4049 650 4103 1
671 4047 729 4102 112.

375 4144 404 4215 3)
421 4141 508 4198 Ernst
528 4143 638 4214 Kbpke,
662 4143 754 4199 Uebar
771 4135 817 4198 di'e
837 4142 963 4214 Gattung
982 4142 1033 4198 der
1041 4137 1326 4216 Ἀπομνημονεύματα
1343 4143 1376 4198 in

275 4236 326 4292 dar
348 4237 453 4310 grieoh.
474 4237 626 4294 Litardtur.
669 4239 902 4310 Brandenburger
924 4239 1090 4310 Programm
1115 4242 1192 4296 1857.
1216 4258 1244 4311 p.
1256 4241 1373 4294 20-30·

275 4337 303 4389 et
319 4333 365 4390 rr.
384 4334 539 4405 Nietzsche,
558 4335 611 4392 Rh.
630 4336 669 4392 M.
689 4335 779 4394 XXIV
795 4353 825 4406 p.
836 4337 987 4394 eea-ote.
