3032 5086
128 685 227 748 antea
265 699 396 764 prorsus
432 680 575 763 ignotum
615 679 782 762 Lysistrati
825 682 998 760 cuiusdam,
1035 683 1088 765 qui
1121 683 1228 750 multis

128 793 221 856 annis
243 797 318 857 ante
335 791 460 870 vixerit,
484 807 584 870 eoque
600 789 639 854 de
660 787 721 855 fine
742 807 869 872 pugnae
894 791 1086 857 Salaminiae
1111 787 1241 858 dictum

126 897 276 980 fuisse1).
319 898 376 963 Cui
410 898 601 963 simillimum
634 902 685 964 est
718 899 750 964 id
781 901 865 978 quod
893 899 1065 980 Hermippo
1098 904 1228 966 auctore
1271 961 1274 968 .

125 1006 321 1072 Plutarchus
343 1007 375 1070 in
398 1005 510 1071 Solone
541 1024 571 1086 p.
602 1009 670 1084 166,
696 1013 712 1070 7
738 1011 771 1071 et
792 1005 897 1072 Laert.
920 1007 1012 1087 Diog.
1034 1008 1060 1072 l.
1084 1012 1228 1072 114111-

127 1114 210 1178 dunt
242 1116 282 1180 de
305 1114 482 1195 Monychia.
530 1115 647 1180 Dicunt
668 1114 894 1195 Epimenidem,
928 1133 998 1181 cum
1027 1115 1227 1198 Munychiam

125 1223 260 1303 videret,
285 1223 339 1288 diu
349 1224 547 1302 multumque
566 1224 758 1288 admiratum
780 1241 857 1302 esse,
880 1242 975 1304 quam
991 1227 1074 1289 caeci
1088 1224 1229 1290 homines

128 1336 246 1398 essent.
289 1331 498 1397 Athenienses
516 1331 640 1398 enimsi
663 1333 787 1412 scirent,
809 1325 962 1413 quantam
984 1333 1057 1399 inde
1072 1335 1228 1400 miseriam

127 1441 257 1525 passuri
279 1446 392 1520 essent,
426 1441 575 1522 oppidum
611 1440 688 1506 illud
713 1441 859 1508 dentibus
892 1442 1088 1508 laceraturus
1121 1443 1228 1508 fuisse.

127 1548 243 1615 Verbis
280 1549 399 1642 »τοῦτο
420 1537 497 1637 ᾔδει
522 1542 693 1628 τοσούτοις
721 1542 886 1632 πρότερον
906 1544 1053 1632 χρόνοιςο
1087 1551 1229 1618 videmus

126 1657 199 1742 hoc,
232 1663 303 1738 post
336 1662 521 1739 occupatum
561 1676 642 1722 anuo
665 1661 725 1724 322
757 1677 785 1723 a.
808 1659 840 1724 C.
863 1677 892 1724 n.
905 1659 930 1740 ²)
955 1678 975 1723 a
1006 1659 1228 1725 Macedonibus
1292 1681 1294 1685 ’

127 1748 309 1844 castellum,
331 1767 525 1849 publicatum
543 1784 621 1832 esse.
665 1767 731 1832 Nec
751 1766 860 1832 dubito
881 1767 956 1846 quin
973 1768 1110 1848 vexilla,
1133 1785 1228 1847 quam

127 1880 245 1959 postea
266 1876 400 1942 Ioannes
427 1875 557 1958 Tnetzcs
580 1874 659 1940 Chil.
681 1875 708 1940 V
735 1879 771 1939 18
794 1893 906 1940 novem
931 1875 1072 1941 versibus
1092 1875 1234 1958 repetiit,-
1278 1865 1281 1870 ’

129 1985 262 2050 inventa
282 1985 323 2050 sit
351 1984 391 2048 ad
406 1984 576 2065 ,exemplar
609 1982 676 2048 eius
698 2001 780 2063 quae
811 1983 850 2070 de
871 1983 1009 2066 Cythera
1030 1985 1135 2050 insula
1158 1982 1229 2048 Chi-

126 2093 195 2159 loni
229 2091 389 2157 tribuitur.
432 2091 551 2156 Eodem
585 2093 677 2157 modo
705 2093 792 2158 locus
812 2093 955 2159 Platonis
986 2095 1046 2175 leg.
1067 2092 1091 2156 I.
1115 2092 1227 2157 6421)

130 2201 171 2266 de
195 2199 342 2280 quoiam
364 2218 461 2281 supra
487 2199 631 2266 diximus
642 2201 847 2281 explicandus
869 2207 928 2282 est,
959 2181 989 2266 in
1014 2217 1076 2280 quo
1100 2201 1229 2266 oraculo

129 2307 207 2372 licet
229 2307 308 2372 duas
329 2311 437 2388 partes
463 2305 666 2387 distinguere.
708 2306 851 2371 Primum
868 2309 955 2372 enim
977 2299 1132 2388 praedicit
1155 2310 1229 2372 ante

20 2429 21 2436 ¹
129 2414 240 2481 decem
274 2433 374 2479 annos
404 2415 520 2478 Persas
551 2432 614 2479 non
646 2419 794 2479 venturos
826 2433 903 2495 esse,
937 2415 1048 2480 deinde
1077 2433 1130 2482 eos
1158 2416 1230 2498 plus

130 2523 277 2589 miseriae
305 2541 455 2605 passuros
481 2540 577 2602 quam
611 2523 755 2588 illaturos
777 2542 854 2588 esse.
898 2524 1011 2604 ltaque
1041 2529 1117 2605 puto
1147 2524 1229 2590 bello

129 2632 258 2698 Persico
280 2630 369 2698 finito
401 2629 627 2714 simileatque
648 2631 816 2712 Lysistrati
837 2631 923 2698 illius
945 2633 1129 2697 vaticinium
1157 2636 1230 2713 post
1254 2625 1256 2630 ’

130 2745 280 2806 eventum
300 2739 419 2804 editum
440 2729 521 2821 esse,
541 2741 624 2822 quod
643 2740 821 2823 Epimenidi
842 2741 1052 2822 tribuebatur,
1074 2759 1145 2805 cum
1167 2757 1229 2821 quo
1263 2783 1266 2791 ¹

131 2848 230 2915 Plato
251 2850 306 2929 qui
336 2867 398 2913 non
429 2847 460 2911 id
492 2849 560 2928 agit
581 2855 618 2915 ut
650 2849 813 2914 historiam
833 2849 959 2930 scribat,
991 2848 1154 2916 confundit
1186 2849 1228 2928 id,

131 2958 216 3039 quod
247 2958 287 3023 de
316 2957 458 3022 Diotima
479 2957 623 3022 Socrates
654 2957 686 3022 in
711 2957 867 3048 xConvivia
901 2977 931 3040 p.
954 2962 1013 3024 201
1047 2957 1076 3020 Ι)
1109 2963 1229 3024 narrat.

130 3064 253 3132 Eadem
267 3063 375 3130 fabula
390 3070 438 3132 cst
454 3067 537 3147 apud
552 3064 744 3132 Clementem
761 3065 910 3131 Stromat.
930 3067 974 3132 VI
991 3071 1018 3146 3,
1041 3067 1087 3131 ita
1102 3065 1228 3147 quidem

129 3179 167 3239 ut
188 3191 251 3238 non
273 3173 338 3237 iam
357 3163 396 3240 d'e
411 3174 635 3240 vaticinatione
649 3175 703 3240 sed
718 3175 757 3239 de
777 3174 929 3240 miraculo
951 3174 1058 3238 dicens
1081 3177 1226 3239 nostrum

130 3282 229 3348 iaciat
243 3281 363 3347 bellum
374 3283 535 3348 Persicum
551 3301 607 3364 per
620 3281 771 3348 sacrificia
786 3282 892 3348 decem
903 3283 992 3362 annis
1007 3280 1229 3363 proferentem.
1254 3319 1256 3324 ,

130 3388 207 3456 Noli
231 3407 306 3455 vero
326 3407 398 3455 cum
419 3390 575 3456 Lobeckio
598 3391 670 3473 Agl.
692 3410 722 3472 p.
746 3395 805 3457 315
827 3391 956 3458 credere
975 3391 1116 3479 fabulam
1143 3391 1229 3457 illam

130 3504 275 3580 tempore
307 3501 451 3580 crevisse,
484 3502 539 3566 sed
571 3519 652 3566 unus
684 3499 836 3582 Clemens,
868 3501 922 3580 qui
943 3504 1053 3581 aperte
1083 3499 1229 3565 hocloco

131 3626 191 3673 sua
214 3627 231 3672 e
252 3608 387 3674 Platone
409 3603 525 3688 hausit,¹
559 3610 686 3675 erravit.
737 3609 1002 3690 Antiquissimum
1030 3613 1137 3674 autem
1164 3625 1227 3672 om-

133 3717 219 3790 niurn
242 3716 422 3797 exemplum
442 3720 491 3783 cst
511 3717 551 3798 id,
574 3719 658 3798 quod
672 3718 786 3783 Laert'
801 3719 893 3800 Diog.
916 3705 931 3783 Ῐ
957 3722 1014 3782 115
1037 3735 1109 3782 eum
1132 3715 1231 3782 tradit

133 3827 254 3892 cladem
269 3826 588 3892 Lacedaemoniorum
610 3827 940 3908 apudOrchomenum
962 3829 1122 3907 acceptam
1138 3842 1230 3906 prae-

236 4091 262 4162 1)
281 4093 322 4147 De
340 4093 402 4147 aliis
419 4092 556 4148 vaticiniis
574 4097 638 4163 post
651 4097 781 4148 eventum
793 4093 912 4148 inventis
931 4091 991 4162 agit
1008 4091 1069 4147 Nic.
1078 4091 1229 4161 Wecklein,

133 4189 203 4244 iiber
224 4188 270 4243 die
287 4188 423 4244 Traditon
439 4189 491 4244 der
509 4189 712 4258 Perserkriege.
751 4189 940 4260 Sitzuhgsber.
964 4189 990 4243 d.
1013 4188 1116 4258 kbnig'l.
1139 4187 1227 4243 Akad.

134 4285 161 4340 d.
180 4284 261 4340 Wiss.
279 4303 312 4338 nu
330 4284 470 4356 Mtrnchen
489 4287 566 4340 1876.
585 4302 611 4355 p.
622 4286 684 4340 269.

232 4379 262 4451 2)
280 4379 471 4445 Wachsmuth,
492 4379 574 4436 Stadt
589 4380 681 4436 Athen
700 4399 727 4452 p.
738 4379 799 4438 608.
