3032 5086
818 427 851 480 12

287 601 485 686 Cyzicenum,
510 600 564 682 qui
585 600 673 666 initio
692 600 820 667 secundi
841 620 870 667 a.
895 599 929 667 O.
950 619 980 664 n.
1002 601 1119 668 saeculi
1143 599 1223 684 περὶ
1244 600 1393 666 τελετῶν

285 711 411 794 scripsit
427 714 461 776 et
470 709 670 777 Polemonem
682 710 828 776 Iliensem
843 706 876 774 ἐν
890 711 963 787 ταῖς
972 705 1059 793 πρὸς
1074 703 1230 794 Νεάνθην
1239 701 1392 794 ἀντιγρα-

285 823 374 907 φαῖς.
417 818 526 886 Gicero
547 824 691 885 nostrum
719 818 767 884 tls
789 820 944 898 nominat,
972 819 1129 885 Diodorus
1151 819 1274 887 Siculus
1296 819 1325 884 V
1344 823 1389 883 80

285 949 320 997 sc
341 930 420 996 libro
442 930 483 996 ab
505 929 691 1012 Epimenide
713 929 830 1013 scripto
853 947 946 996 usum
968 946 1036 994 csse
1057 925 1233 1010 profitetur.
1266 927 1389 994 Locum

285 1040 476 1123 Theopompi
496 1043 670 1122 excerpunt
692 1039 886 1123 Apollonius,
916 1038 1004 1104 initio
1028 1037 1177 1103 historiae
1198 1039 1388 1104 commenti-

283 1150 382 1234 ciae1)
412 1149 557 1216 ValerIus
583 1149 739 1215 Maximus
761 1149 837 1215 VIII
852 1152 899 1229 13,
916 1152 943 1227 5,
971 1148 1093 1213 Plinius
1121 1147 1194 1213 Nat.
1226 1147 1300 1212 hist.
1321 1147 1385 1212 VH

285 1258 304 1341 ᾗ
322 1263 381 1324 154
401 1263 434 1324 et
461 1262 527 1338 175,
548 1277 743 1342 quamquam
766 1261 870 1342 priore
891 1261 1016 1324 tantum
1040 1257 1108 1323 loco
1130 1256 1162 1322 id
1176 1256 1280 1322 verbis
1298 1256 1386 1322 uicit.

285 1367 427 1434 Strabo
448 1368 481 1433 in
503 1368 721 1451 geographicis
742 1368 813 1447 Xt,
831 1372 878 1433 14.
901 1387 930 1450 p.
943 1370 1004 1430 479
1021 1364 1054 1432 O.
1077 1365 1110 1431 in
1132 1365 1253 1432 insulae
1271 1365 1388 1431 Cretae

284 1477 493 1559 descriptione
525 1479 663 1562 patrium
696 1479 798 1544 nostri
837 1477 985 1560 oppidum
1023 1475 1197 1542 Phaestum
1233 1475 1386 1558 appellat.

286 1586 474 1654 Strabonem
507 1587 587 1653 libro
618 1587 766 1653 VIII—X
792 1587 937 1669 plurimis
967 1587 1063 1664 locis,
1096 1584 1276 1666 ubicunque
1319 1602 1384 1652 non

284 1695 449 1778 Ephorum
472 1701 505 1762 et
532 1696 769 1763 Artemidorum
797 1697 940 1779 sequitur
970 1677 1027 1761 aut
1057 1695 1125 1778 ipse
1153 1693 1272 1777 aliquid
1290 1693 1385 1773 uidit,

284 1805 486 1887 descripsisse
498 1805 759 1872 commentarium
768 1805 868 1885 illum,
882 1823 974 1888 quem
988 1803 1201 1887 Apollodorus
1212 1803 1243 1866 in
1255 1801 1387 1867 Homeri

283 1915 411 1981 navium
435 1916 615 1998 catalogum
633 1919 708 1980 ante
729 1934 846 1980 annum
869 1934 897 1980 a.
910 1913 942 1979 C.
955 1933 985 1978 n.
1001 1915 1059 1978 133
1081 1911 1265 1994 composuit,
1288 1910 1387 1978 Niese

285 2022 426 2089 maxima
447 2041 518 2088 cum
551 2024 617 2088 veri
645 2023 748 2103 specie
780 2023 934 2106 exposuit.
977 2024 1083 2103 Atque
1104 2040 1175 2086 cunr
1197 2025 1272 2085 ante
1297 2021 1386 2086 illam

286 2131 543 2212 enuntiationem,
567 2148 631 2211 qua
641 2119 856 2213 Epimenidem
872 2136 1104 2210 commemorat,
1127 2131 1237 2198 laudet
1257 2148 1389 2196 versum

286 2240 487 2306 Homericum
511 2240 544 2303 B.
558 2242 619 2303 648
638 2234 781 2304 Φαιστόν
802 2263 838 2305 τε
858 2233 982 2305 Ῥύτιόν
996 2256 1032 2305 τε
1055 2245 1087 2305 et
1108 2242 1203 2322 paulo
1225 2244 1298 2321 post
1313 2258 1389 2306 oon-

285 2350 403 2414 sentiat
433 2366 506 2414 cum
537 2347 697 2430 Stephano
719 2349 872 2430 Byzantio
894 2369 919 2416 s.
945 2369 973 2416 v.
999 2343 1155 2428 Φαιστός,
1189 2348 1285 2415 etiam
1309 2347 1388 2430 Epi·

288 2457 425 2523 menides
448 2458 516 2540 ipse
538 2457 578 2523 ab
599 2457 791 2539 Apollodoro
813 2457 938 2525 videtur
959 2459 1139 2524 nominatus
1161 2459 1272 2538 essel).
1494 2439 1495 2446 ἵ

387 2565 565 2631 Plurimum
587 2571 693 2632 autem
717 2567 824 2633 valent
845 2585 892 2648 ea,
924 2586 1007 2650 quae
1033 2567 1254 2633 Pausanias
1276 2568 1309 2632 in
1333 2565 1390 2631 de-

217 2755 220 2762 ¹
285 2673 456 2757 scriptione
469 2674 622 2740 Graeciae
642 2675 749 2754 tradit,
774 2694 843 2742 cum
860 2677 946 2742 dicat
965 2675 1004 2741 ad
1026 2695 1118 2746 suum
1135 2693 1236 2760 usque
1258 2680 1389 2758 tempus

284 2784 419 2850 AthenIs
432 2788 464 2850 et
475 2782 610 2866 Spartae
624 2789 836 2862 monumenta,
851 2786 884 2849 in
897 2785 1093 2865 Epimenidis
1106 2784 1256 2850 honorem
1269 2789 1388 2866 erecte,

284 2897 410 2960 servata
431 2891 543 2974 fuisse,
571 2893 725 2974 equibus
756 2894 815 2960 hoc
836 2893 1052 2976 potissimum,
1075 2895 1158 2976 quod
1182 2894 1266 2976 apud
1287 2894 1386 2961 Lace-

386 3147 412 3212 1)
430 3143 611 3213 Apollonium
633 3161 688 3198 non
710 3143 808 3212 ipsum.
826 3142 999 3212 Theopompi
1021 3143 1125 3198 librum
1142 3143 1256 3212 legisse,
1281 3142 1387 3198 sodex

285 3241 328 3310 iis,
347 3257 418 3308 quae
430 3240 514 3294 Bolus
529 3240 697 3301 Mendesius,
710 3237 891 3308 philosophus
900 3238 1093 3308 Pythagoreus
1102 3239 1150 3308 qui
1161 3238 1236 3295 idem
1244 3223 1388 3294 Democri-

283 3340 347 3391 teus
357 3340 480 3403 vocstur,
499 3339 562 3406 napi
573 3340 739 3406 θαυμασίων
749 3338 822 3388 testo
832 3333 916 3388 Suida
929 3335 1050 3403 scripsit,
1070 3353 1120 3389 sua
1130 3335 1264 3398 hausisse,
1277 3334 1387 3404 primus

283 3431 417 3503 cognovit
434 3431 538 3501 Keller,
557 3433 605 3500 qui
624 3430 738 3499 (Rerum
748 3430 924 3485 Naturalium
940 3433 1036 3500 script.
1047 3431 1153 3486 Graeci.
1182 3430 1294 3500 Lipsiae
1307 3432 1386 3486 1877.

285 3527 339 3584 vol.
352 3527 365 3580 Ι
376 3547 403 3598 p.
413 3527 457 3597 43)
470 3529 624 3597 primorumv
635 3527 784 3582 verborum
795 3528 875 3597 signa
886 3526 926 3580 ita
936 3527 1074 3596 disponit:
1093 3522 1198 3581 Beiloo·
1211 3521 1389 3599 Ἐπιμενίδης

284 3623 300 3678 ὁ
315 3619 391 3695 Κρής
408 3626 460 3678 etc.
488 3623 613 3678 Adnotat
631 3623 705 3677 anim
721 3640 746 3692 p.
759 3622 873 3678 XLVIII
893 3621 995 3676 similes
1014 3622 1153 3692 genitivos
1171 3623 1293 3677 auctoris
1312 3622 1388 3692 opud

285 3717 434 3774 Stobaeum
453 3719 561 3788 saepius
583 3719 713 3778 inveniri.
750 3718 793 3772 Ad
816 3718 869 3772 hoo
890 3721 1001 3788 tempus
1025 3736 1121 3773 omnes
1143 3719 1267 3788 genitivo
1290 3711 1388 3772 Boiloo

284 3819 393 3886 patrem
410 3815 585 3884 Epimenidis
603 3814 791 3884 significatum
810 3833 869 3870 osae
888 3815 1026 3870 dicebant.
1063 3820 1065 3824 ’

384 3912 412 3984 2)
431 3912 533 3967 Bened.
563 3912 655 3975 Nicea,
684 3911 853 3981 Apollodoro
883 3911 1060 3966 Commentsr
1086 3929 1147 3964 zum
1171 3903 1385 3982 Schiffseatal'eg

285 4007 325 4062 als
344 4005 440 4075 Quelle
458 4007 581 4064 Strabos.
599 4007 697 4063 Rhein.
714 4007 785 4062 Mus.
805 4006 909 4062 XXXII
927 4025 955 4076 p.
972 4008 1123 4062 267-307.
1142 4005 1262 4060 maxima
1282 4024 1310 4075 p.
1321 4008 1384 4062 279.

384 4101 528 4159 Strabonis
553 4104 640 4160 verba
664 4104 800 4159 describit
825 4103 1003 4168 Eustuthius,
1032 4104 1062 4158 in
1082 4102 1209 4174 Dionysii
1236 4091 1312 4157 orbis
1338 4101 1385 4158 de·

285 4198 465 4268 scriptionem
487 4218 512 4254 v.
536 4202 579 4256 88.
604 4199 772 4271 Geogrsphi.
787 4199 887 4254 Graeci
912 4199 1034 4253 minores
1058 4199 1101 4254 ed.
1126 4199 1156 4254 G.
1178 4198 1280 4254 Miller
1303 4200 1384 4262 1861.

285 4295 311 4365 II
331 4312 359 4366 p.
371 4297 423 4350 235
441 4300 470 4350 et
487 4295 523 4351 ad
541 4296 636 4356 Iliadis
655 4297 685 4356 B.
705 4298 766 4354 648.
786 4294 840 4367 (ed.
857 4293 968 4368 Lipsiae
986 4296 1000 4356 I
1017 4314 1045 4374 p.
1056 4297 1117 4370 254,
1129 4297 1182 4376 12).
