3032 5086
822 421 841 474 8

285 589 505 686 explicandum
525 590 601 672 erit,
636 590 770 657 historia
796 610 817 656 a
841 589 974 658 Plutone
994 596 1126 658 narrata
1147 608 1204 656 cur
1225 607 1288 655 non
1309 605 1389 653 vera

286 719 354 768 esso
376 701 523 766 videatur
544 703 578 765 et
597 719 661 783 qua
684 701 808 766 ratione
830 700 915 767 nasci
937 702 1085 782 potuerit.

384 807 624 876 Aristoteles
644 808 786 891 quidem,
814 809 903 875 cuius
929 809 1103 875 auctoritas
1129 807 1246 872 merito
1275 806 1325 872 his
1352 805 1389 870 in

285 915 381 983 rebus
403 917 542 981 maxims
564 919 625 997 est,
656 921 799 982 nostrum
820 914 941 982 duobus
966 916 1041 982 locis
1062 915 1247 1000 nominat1),
1273 914 1390 997 quihus

287 1027 427 1092 testatur
436 1042 470 1090 se
483 1024 598 1091 librum
613 1023 698 1089 illius
711 1023 835 1107 legisse,
848 1041 983 1105 eumque
996 1032 1103 1091 ratem
1118 1025 1293 1091 indicatum
1306 1041 1391 1090 csse.

388 1132 457 1200 Ia'm
478 1150 554 1200 vero
576 1133 708 1198 historia
729 1134 840 1200 relicta
854 1134 894 1199 ad
907 1133 1089 1200 fabularum
1103 1135 1288 1217 scriptorem
1303 1132 1394 1198 vide·

288 1261 361 1308 mur
381 1241 553 1324 pervenire,
575 1259 707 1307 cumea
729 1241 874 1307 audimus
898 1258 982 1322 quae
1001 1242 1266 1325 Theopompus
1288 1241 1392 1308 Chius
1506 1311 1507 1316 ,

289 1355 401 1418 octavo
424 1349 628 1416 historiarum
650 1349 740 1430 libro,
763 1349 801 1414 fr.
812 1352 851 1414 69
874 1354 906 1416 et
921 1354 970 1430 70,
989 1350 1129 1416 tradidit.
1172 1350 1232 1428 Qui
1254 1369 1325 1416 cum
1340 1368 1391 1416 se·

161 1549 165 1560 ·
289 1461 425 1526 cundum
455 1459 573 1526 bellum
599 1477 725 1525 sacrum
752 1463 809 1525 aut
833 1459 929 1525 alium
958 1478 1026 1525 rem
1055 1459 1228 1528 mirabilem
1256 1477 1393 1525 narrare

289 1568 470 1648 instituerit,
493 1566 642 1633 recedens
663 1568 704 1632 ab
725 1566 858 1634 historia
886 1569 1034 1635 continua
1054 1572 1177 1634 tantam
1198 1586 1306 1634 rerum
1328 1569 1393 1633 mi-

287 1676 435 1767 rabilium
456 1675 579 1756 copiam
597 1675 708 1758 coegit
734 1680 770 1740 ut
790 1677 910 1756 passim
931 1676 982 1742 hic
1001 1676 1079 1741 liber
1093 1676 1271 1757 appelletur
1284 1669 1393 1740 »Θεό-

287 1807 426 1867 πομπος
446 1782 480 1849 a'v
501 1787 573 1862 τοῖς
586 1782 816 1867 canpaniae«.
849 1785 882 1851 Is
903 1784 1077 1851 nobiscum
1097 1785 1235 1851 aliarum
1258 1785 1297 1850 dc
1313 1784 1392 1867 Epi·

288 1893 412 1959 mcnide
434 1893 615 1959 fabularum
638 1900 706 1958 tum
729 1892 878 1959 historiae
900 1891 940 1959 de
960 1910 1068 1959 somno
1091 1893 1229 1958 mirabili
1250 1893 1393 1958 traditae

171 2065 185 2081 ¹.
289 2007 402 2068 auctor
429 2006 486 2080 est„
517 2019 614 2083 quam
644 2000 715 2065 inde
744 2000 928 2082 Apollonius
954 2000 1028 2067 hist.
1057 2019 1168 2068 comm.
1195 2007 1232 2081 1.‚
1265 2001 1392 2068 Plinius

288 2109 362 2174 Nat.
383 2109 466 2176 Hist.
481 2107 537 2173 VH
557 2111 626 2189 175,
654 2106 759 2173 Laert.
780 2107 872 2188 Diog.
894 2111 1087 2189 receperunt,
1109 2127 1171 2172 non
1193 2109 1233 2174 ad
1256 2109 1390 2175 verbum

290 2217 335 2283 illi
362 2235 438 2283 sane
465 2218 551 2283 inter
581 2235 616 2283 se
643 2216 888 2301 consentientes,
922 2207 997 2297 quia
1029 2235 1088 2283 nec
1116 2216 1300 2299 Apollonius
1332 2237 1396 2284 nec

288 2326 438 2392 Laertius
458 2325 548 2406 Diog.
572 2326 675 2405 ipsum
695 2323 886 2406 Theopompi
909 2323 1024 2391 librum
1044 2326 1177 2408 legerat.
1422 2393 1425 2397 .

388 2431 455 2506 Nec
476 2433 579 2498 minus
598 2433 781 2500 Timaeus
802 2430 880 2498 libro
896 2433 1101 2499 historiarum
1125 2433 1273 2515 secundo,
1294 2433 1332 2500 fr.
1349 2438 1392 2500 45

290 2544 397 2610 Laert.
419 2541 537 2623 Diogl
555 2545 625 2621 114,
648 2560 709 2623 quo
721 2540 817 2607 Creta
836 2541 940 2606 insula
954 2542 1141 2608 describitur
1155 2543 1255 2623 docet,
1278 2548 1395 2623 quant·

289 2671 385 2734 opere
406 2669 481 2734 vera
503 2651 607 2730 imago
634 2650 735 2714 nostri
757 2649 822 2714 iam
847 2655 917 2717 tum
942 2649 1058 2716 tabulis
1083 2651 1254 2717 obscurata
1283 2651 1395 2717 fuerit.

290 2761 368 2826 Post
382 2777 462 2839 quos
474 2759 588 2825 summi
600 2758 632 2823 in
643 2757 837 2838 Epimenidis
848 2757 980 2824 historia
995 2760 1145 2826 momenti
1161 2765 1209 2825 est
1220 2759 1396 2841 Hermip-

289 2887 358 2953 pus
390 2867 583 2948 Smyrnaeus
595 2866 621 2949 8)
651 2864 838 2933 Callimachi
867 2866 1073 2933 Alexandrini
1102 2868 1272 2952 discipulus
1305 2867 1393 2934 Peri·

199 3001 205 3011 ·
289 2976 502 3058 pateticorum
523 2977 707 3060 disciplinae
732 2979 925 3062 adscriptus,
957 2978 1012 3060 qui
1040 2978 1137 3044 libros
1166 2976 1205 3043 de
1234 2978 1391 3043 clarorum

290 3085 430 3150 virorum
451 3085 524 3151 vitis
541 3084 626 3152 haud
648 3105 765 3168 paucos
785 3086 962 3167 composuit
982 3085 1036 3167 qui
1057 3083 1126 3166 βίοι
1147 3089 1308 3151 vocantur.
1353 3085 1391 3148 In

290 3193 404 3276 quibus
437 3199 564 3260 constat
594 3192 691 3259 fuisse
727 3193 823 3275 βίους
852 3195 918 3257 τῶν
944 3188 1030 3258 ἑπτὰ
1059 3191 1176 3279 σοφῶν
1205 3194 1319 3274 quibus
1354 3211 1392 3259 co

289 3306 432 3385 tempore
454 3303 510 3368 alii
532 3302 610 3368 alios
632 3301 898 3381 adnumerabant,
925 3303 971 3368 ita
997 3308 1035 3368 ut
1062 3303 1130 3383 ipse
1156 3302 1195 3367 dc
1220 3302 1328 3367 decem
1358 3303 1393 3365 et

292 3415 414 3492 septem
445 3409 521 3476 viris
554 3413 665 3491 ageret
685 3410 707 3490 ).
759 3409 852 3474 Hunc
884 3413 991 3475 autem
1022 3411 1137 3476 scimus
1167 3409 1279 3475 inutile
1311 3406 1391 3473 illud

291 3517 440 3584 historiae
461 3516 644 3584 scribendae
660 3534 760 3599 genus
778 3518 954 3598 adamasse,
978 3519 1063 3599 quod
1076 3519 1195 3585 rectius
1209 3517 1242 3582 in
1254 3517 1391 3582 Roman-

392 3803 420 3872 1)
437 3801 520 3857 Polio.
540 3803 554 3858 1
575 3804 633 3866 1,6.
654 3807 718 3875 περὶ
728 3804 868 3876 ῥητορικῆς
884 3804 924 3859 111
937 3805 978 3875 17,
999 3807 1042 3876 10.

390 3900 418 3967 2)
436 3899 545 3963 Miller,
562 3900 595 3954 F.
613 3899 647 3955 11
667 3900 698 3955 G.
717 3902 731 3956 l
748 3919 776 3971 p.
788 3900 864 3954 LXX
874 3901 918 3974 B.

389 3995 418 4064 3)
436 3994 501 4049 vide
513 3995 671 4051 denomino
683 3997 788 4066 operis:
798 3997 989 4061 Wachsmuth,
999 3997 1029 4052 in
1040 3997 1171 4068 Symbola
1181 3997 1389 4068 philologorum

289 4090 477 4146 Bonnensium
495 4092 526 4145 in
543 4091 608 4148 hon.
615 4091 663 4147 Fr.
674 4092 821 4149 Ritschelii
839 4094 963 4151 collecta
986 4097 1133 4150 1864-67.
1152 4112 1179 4166 p.
1195 4094 1253 4150 143.
1273 4098 1332 4150 not.
1346 4097 1390 4149 16.

289 4186 331 4243 De
349 4187 458 4242 ratione
475 4186 608 4245 historiae
625 4189 802 4246 scribendae:
822 4190 988 4261 Begemann.
1007 4191 1023 4246 l.
1043 4209 1066 4246 c.
1085 4194 1144 4262 p.4
1164 4196 1166 4200 '

397 4284 425 4351 4)
445 4283 540 4340 Laert.
560 4284 642 4405 Diogi
663 4286 737 4342 142.
