3032 5086
837 532 874 587 00

246 766 251 774 .
304 701 432 770 Urlichs
453 702 474 767 l.
487 720 513 768 c.
530 721 563 786 p.
576 705 636 767 219
658 701 785 767 dubitat
806 720 847 768 an
869 721 907 768 ea
930 701 971 768 ad
990 703 1073 770 Iovis
1096 707 1128 770 et
1143 702 1276 770 Veneris
1298 702 1404 786 Olym·

306 813 431 894 piorum
444 811 598 892 templum
613 810 803 892 pertineant,
823 811 907 893 qnod
923 811 1057 893 Spartae
1073 811 1113 877 ab
1125 811 1312 894 Epimenide
1333 830 1405 886 oon·

303 924 544 989 secratumesse
562 918 655 983 testis
676 914 1085 1000 estPausaniasIlI12,1l.
1107 915 1404 1002 oreoitigiturcum

303 1035 398 1096 antea
419 1029 451 1094 id
473 1026 530 1094 soli
542 1025 656 1092 Veneri
681 1025 826 1091 dedicare
848 1027 953 1094 iussus
976 1030 1070 1111 esset,
1091 1026 1314 1109 Epimenidem
1335 1045 1405 1094 con·

284 1139 409 1206 silium
432 1135 604 1202 mutavisse
621 1133 803 1218 populoque
832 1133 972 1201 fabulam
1006 1135 1094 1202 illam
1115 1137 1304 1202 narravisse.
1344 1135 1405 1202 Sed

305 1243 463 1327 quomodo
477 1240 686 1324 nympharum
708 1241 812 1308 cultus
827 1239 909 1306 idem
923 1240 966 1306 sit
979 1245 1077 1322 atque
1088 1241 1219 1311 Veneris
1229 1242 1404 1328 Olympiae,

304 1371 387 1436 quae
408 1369 479 1418 oum
501 1351 577 1416 Iove
589 1350 733 1433 Olympio
755 1351 927 1431 composita
946 1349 989 1415 ibi
1011 1368 1135 1416 summa
1151 1352 1283 1418 deorum
1301 1357 1405 1420 mater

304 1467 361 1542 est,
386 1479 450 1528 non
469 1459 560 1528 video
582 1477 640 1527 neo
652 1460 763 1542 magis,
786 1458 942 1540 quomodo
964 1459 1003 1526 iis
1023 1475 1106 1540 qnae
1127 1461 1237 1527 attulit
1250 1463 1405 1543 exemplis

303 1571 336 1637 id
360 1568 563 1654 comprobare
584 1568 729 1635 voluerit.

402 1679 523 1746 Deinde
544 1677 762 1764 Epimenidem
793 1678 899 1743 Iovem
930 1680 1117 1744 veneratum
1150 1695 1217 1744 esse
1239 1680 1313 1747 inde
1332 1698 1404 1747 con·

301 1788 453 1868 cluditur,
485 1787 571 1869 qnod
592 1786 797 1869 Myronianus
829 1786 1050 1852 Amastrianus
1082 1786 1213 1856 tradidit
1234 1788 1403 1856 Cretenses

301 1915 373 1962 enm
395 1890 470 1961 Kor'
473 1899 554 1980 ρητα
574 1901 632 1962 ant
651 1891 724 1960 νέον
733 1888 888 1980 Κούρητα
896 1895 920 1978 ¹)
941 1895 1163 1978 appellavisse:
1185 1900 1296 1962 utrum
1317 1899 1401 1963 enim

302 2005 495 2090 Hermippus
520 2004 691 2085 scripserit,
712 2021 775 2069 non
796 2007 930 2070 constat.
972 2004 1079 2070 Iovem
1105 2005 1137 2070 in
1170 2003 1266 2090 Creta
1289 2010 1403 2072 natum

301 2132 371 2182 esse
393 2113 628 2197 praedicabant,
653 2112 825 2179 secundum
846 2111 1019 2177 Hesiodum
1044 2114 1077 2177 in
1098 2117 1191 2180 antro
1213 2113 1300 2194 apud
1322 2112 1403 2196 Lyc-

301 2227 380 2302 tum,
402 2221 574 2290 secundnm
596 2221 674 2286 alios
695 2220 779 2301 apud
802 2218 970 2286 Praestum
993 2221 1043 2288 vel
1061 2222 1093 2286 in
1103 2221 1160 2287 Ida
1171 2226 1285 2288 monte.
1321 2222 1403 2288 Pne-

302 2351 374 2398 rum
395 2332 491 2399 deum
511 2330 651 2396 nutrices
671 2327 830 2412 nymphae
851 2327 1000 2412 feraeque
1019 2332 1052 2395 in
1072 2331 1232 2396 montibus
1246 2335 1404 2414 vagantes

300 2441 400 2521 alunt,
423 2442 498 2507 dum
520 2439 645 2506 interim
656 2436 787 2506 Curetes
807 2457 969 2506 armorum
983 2439 1119 2524 strepitu
1129 2438 1258 2506 Saturni
1270 2439 1403 2522 insidIas

298 2547 407 2615 irn'tas
428 2547 569 2615 faciunt:
591 2566 656 2630 qua
676 2567 711 2612 ro
730 2547 866 2629 populus
888 2565 941 2613 eos
963 2546 1093 2613 deorum
1107 2549 1209 2616 instar
1219 2550 1403 2628 veneratur,

298 2657 345 2723 ita
359 2660 397 2724 ut
418 2657 515 2725 etiam
536 2674 557 2720 a
577 2653 754 2721 iurantibus
776 2654 908 2736 ascesa
930 2657 1126 2722 invocentur.
1170 2657 1322 2723 Nostrum
1344 2656 1404 2738 igi·

289 2768 352 2830 ‚tur
375 2763 430 2845 qui
451 2765 482 2830 iu
494 2762 646 2832 Curetum
668 2781 836 2829 numerum
853 2763 1041 2846 referebant,
1061 2753 1147 2832 Iovis
1162 2766 1317 2831 cultorem
1330 2783 1403 2833 esse

298 2872 508 2953 testabantur,
531 2891 587 2938 nec
609 2873 763 2938 miramur
784 2872 868 2953 quod
889 2873 947 2954 ipsi
969 2890 1059 2938 sacra
1072 2873 1179 2940 divina
1210 2871 1401 2952 fecerunta.

246 2989 248 2994 '
299 2981 371 3060 Qua
390 3000 462 3049 cum
482 3001 517 3048 re
539 2981 687 3048 cohaeret
708 2982 792 3062 quod
808 2975 991 3067 Κουρήτων
1007 2981 1061 3048 καὶ
1071 2975 1293 3067 Κορυβάντων
1314 2979 1403 3066 γένε-

296 3110 349 3156 σιν
371 3087 426 3156 καὶ
435 3088 612 3176 θεογονίαν
631 3092 671 3158 ab
683 3109 719 3157 eo
742 3090 891 3172 scriptam
907 3091 1225 3176 esseLae1·t.Diog.I
1239 3095 1296 3156 111
1316 3110 1402 3158 com·

297 3205 462 3278 memorat,
484 3201 550 3268 sive
571 3219 684 3267 revera
704 3200 772 3280 ipse
794 3198 953 3281 hocopus
977 3201 1166 3282 composuit,
1198 3203 1262 3268 sive
1287 3200 1402 3267 multis

296 3307 432 3376 saeculis
445 3314 519 3390 post
540 3308 702 3391 seriptum,
721 3312 892 3390 propterea
911 3307 941 3374 ei
960 3309 1115 3376 tributum
1139 3313 1190 3377 est
1210 3309 1295 3393 quod
1313 3327 1401 3389 enm,

305 3459 502 3470 ——u—-n-—n

397 3529 424 3598 l)
440 3526 512 3582 Plut.
532 3524 615 3582 Solon
631 3543 659 3596 p.
679 3527 738 3595 105,
757 3525 800 3584 29.
819 3525 911 3582 Laert.
932 3525 1113 3598 Diog.1115.

395 3624 423 3693 2)
441 3622 633 3678 Preller·Plew
650 3622 669 3679 1.
681 3622 729 3678 o.I
748 3639 775 3692 p.
786 3623 933 3692 104-106,
957 3623 1005 3692 qui
1028 3623 1141 3679 Curetes
1165 3627 1199 3679 ut
1221 3623 1398 3680 1155555151-

296 3720 378 3775 natos
397 3735 455 3774 asso
474 3711 543 3774 dicit
560 3720 589 3775 0.
608 3720 631 3774 1.
650 3719 682 3775 (1.
702 3736 763 3775 nro.
781 3720 853 3774 2554
872 3720 997 3775 512555.
1098 3713 1100 3716 ’

398 3817 426 3886 3)
443 3815 536 3871 Laert.
554 3816 636 3888 Diog.
648 3815 663 3869 Ι
673 3817 738 3871 114:
756 3818 867 3888 λέγουσι
884 3817 919 3871 δέ
934 3833 1005 3877 τινες
1019 3812 1061 3871 ὅτι
1073 3818 1176 3890 Κρῆτες
1192 3811 1265 3887 αὐτῷ
1281 3810 1400 3874 θύουσιν

298 3911 335 3974 ὡς
349 3913 417 3984 θεῷ.
453 3911 631 3969 Venerantur
648 3912 841 3983 Epimenidem
861 3931 918 3968 nou
935 3917 967 3968 ut
985 3911 1115 3984 heroem,
1141 3913 1187 3969 oui
1203 3913 1302 3969 eadem
1318 3931 1399 3970 sacra

297 4009 368 4065 fiunt
386 4014 469 4079 atquo
487 4007 593 4064 homini
610 4013 732 4075 mortuo,
752 4009 800 4066 sed
818 4013 851 4064 nt
869 4009 960 4080 deum,
979 4009 1094 4066 aedibus
1112 4010 1142 4065 in
1154 4010 1291 4065 orientem
1308 4010 1398 4065 versis

294 4110 324 4162 51
343 4107 431 4180 βωμῷ
448 4124 505 4162 555
522 4100 627 4179 ἐσχάρᾳ
644 4106 689 4162 vel
706 4100 810 4179 βόθρῳ.
847 4106 926 4161 Idem
945 4107 981 4161 da
990 4105 1120 4176 Lycurgo
1131 4105 1220 4161 trudIt
1229 4106 1398 4162 Plutarchus

293 4202 360 4273 Ly'o.
379 4205 412 4258 31
433 4207 461 4258 51
479 4203 535 4259 5111.
565 4202 717 4273 51051555,
734 4203 845 4275 Lyeurg
857 4203 915 4258 und
932 4203 978 4258 dio
996 4200 1159 4271 delphieoho
1171 4201 1396 4259 Priesterscheft.

295 4296 349 4354 Rh.
367 4299 404 4355 M.
423 4299 457 4357 N.
471 4301 502 4356 F.
521 4300 638 4358 XXVIII
655 4318 685 4371 p.
698 4302 733 4355 34
745 4317 785 4369 sq.
822 4299 917 4356 Divini
935 4299 1054 4354 honores
1072 4303 1169 4354 nostro
1181 4298 1346 4355 tribuuntur
1365 4303 1398 4355 ut
1497 4353 1498 4364 ,

293 4395 353 4452 aliis
372 4397 527 4470 Curetibus,
545 4400 594 4469 qui
613 4398 673 4454 sole
691 4399 722 4453 in
739 4397 823 4466 Qrata
840 4397 957 4453 deorum
974 4397 1005 4451 in
1022 4412 1139 4454 numero
1156 4396 1340 4454 habebantur.
