3032 5086
287 599 320 666 ll
335 601 383 677 ll,
406 599 457 677 28,
489 612 547 662 nec
577 595 671 660 aliter
691 590 854 658 Neanthes
876 592 1002 659 videtur
1026 591 1174 672 sensisse,
1207 591 1264 674 qui
1285 590 1334 656 fr.
1363 591 1408 652 24

289 711 434 774 nostrum
455 697 510 769 διά
530 725 602 768 τινα
622 694 708 785 μίση
733 694 859 764 παλαιά
889 699 1009 767 hostias
1032 699 1187 768 humanas
1208 699 1412 766 immolasse

289 819 401 882 auctor
422 816 480 880 est.
521 812 626 894 μῦσος
648 810 729 874 enim
753 806 909 890 significat
927 807 1083 891 flagitium
1102 811 1136 874 et
1159 808 1272 887 scelus,
1295 806 1410 888 quale

290 922 403 990 caedes
425 920 625 1004 cyloniornm
646 915 717 983 tuit.
762 917 811 982 De
824 933 889 998 qua
903 917 988 998 quod
1002 914 1229 997 Thucydidesl
1244 919 1302 980 12ss
1322 933 1409 980 nar·

289 1035 351 1110 rat,
373 1031 432 1097 boc
452 1029 567 1093 mirum
589 1028 621 1092 in
641 1026 770 1093 modum
793 1025 968 1092 consentire
989 1042 1061 1090 cum
1083 1042 1134 1103 co,
1169 1025 1253 1106 quod
1281 1023 1410 1088 hobon

292 1139 428 1221 Argivus
459 1136 671 1202 Eumenidum
702 1133 898 1216 templuma
930 1137 1038 1200 nostro
1068 1136 1288 1200 consecratum
1326 1145 1411 1197 esse

291 1247 401 1328 tradit,
422 1249 534 1328 postea
561 1233 797 1310 demonstrabo.¹
837 1240 941 1306 Laert.
964 1240 1224 1322 Diogenem-1
1247 1244 1309 1303 110
1330 1239 1411 1322 pri-

293 1371 380 1421 mum
403 1371 475 1420 eum
497 1351 586 1419 iussu
606 1351 725 1417 oraculi
736 1349 879 1431 Delphici
900 1353 1048 1416 vocatum
1070 1347 1272 1432 pestilentiae
1286 1347 1411 1413 finien-

293 1464 353 1530 dae
374 1479 470 1530 causa
490 1459 648 1544 quaedam
677 1457 830 1524 sacrificia
862 1457 973 1525 fecisse
992 1462 1111 1536 narrat,
1141 1456 1254 1532 deinde
1291 1455 1410 1523 addit:

295 1565 328 1636 οί
355 1570 392 1637 δὲ
416 1563 476 1657 τὴν
506 1563 612 1634 αἰτίαν
641 1562 748 1632 είνιεῖν
773 1566 833 1631 τοῦ
865 1565 987 1647 totam*
1011 1559 1051 1630 cd
1084 1557 1275 1630 Κυλώνειον
1306 1554 1407 1649 ὄνος,

294 1678 506 1765 σημαίνοντες
525 1670 583 1764 τὴν
604 1666 803 1758 ἀπαλλαγήν.
845 1674 915 1740 Ηοο
941 1674 1009 1765 loco
1032 1691 1094 1739 non
1121 1690 1291 1755 possumus
1313 1673 1410 1740 ferre

299 1787 526 1854 nominativum
546 1784 680 1868 pluralis
699 1780 921 1866 σημαίνοντες,
948 1783 1058 1865 quiin
1079 1781 1238 1848 codicibus
1267 1782 1407 1864 legitur,

297 1915 369 1964 cum
389 1896 430 1963 ad
453 1913 552 1959 unum
574 1893 705 1960 uerbum
731 1885 763 1956 οἱ
784 1889 820 1955 δέ
840 1890 951 1958 referri
973 1890 1081 1973 possit.
1124 1892 1268 1972 Ineptins
1287 1895 1407 1956 autem

295 2005 459 2072 Laertium
481 2003 571 2084 Diog.
603 2001 765 2082 scripsisse
794 2001 967 2079 credimus,
1000 2016 1071 2065 cum
1105 2000 1197 2081 dicit,
1228 2000 1407 2066 nonnullos

298 2120 443 2182 auctores
470 2128 600 2200 eausam
621 2108 820 2192 pestilentiae
851 2108 1057 2191 appellavisse
1089 2108 1191 2174 scelus
1221 2105 1406 2192 Cyloninm,

300 2218 527 2304 significantes,
557 2217 589 2283 id
621 2216 681 2282 hac
703 2217 867 2283 occasione
888 2218 1051 2298 expiatum
1072 2233 1150 2282 esse.
1192 2215 1315 2282 Deinde
1336 2234 1404 2280 non

301 2332 387 2395 recte
407 2325 504 2394 verba
526 2319 558 2390 οἱ
579 2322 616 2390 δέ
637 2325 807 2407 coniungas
821 2342 893 2391 cum
922 2323 1076 2389 infinitivo
1088 2309 1215 2407 εἰπεῖν,
1234 2322 1289 2389 sed
1306 2325 1347 2388 ad
1363 2343 1408 2388 ea

302 2436 514 2518 supplendum
527 2439 576 2501 est
598 2432 689 2519 φασί,
712 2432 745 2497 id
766 2434 850 2513 quod
866 2437 939 2514 post
953 2425 1042 2513 oica,
1055 2427 1136 2497 ἔνιοι
1150 2429 1186 2496 δέ
1197 2431 1281 2514 apud
1293 2430 1405 2498 Laert.

300 2545 390 2626 Diog.
413 2562 508 2627 saepe
530 2543 629 2623 deest,
651 2542 749 2608 etiam
778 2541 805 2607 si
826 2541 957 2608 verbnm
980 2540 1102 2607 dicendi
1135 2555 1197 2606 uon
1219 2543 1405 2608 antecessit.
1498 2577 1501 2650 l

299 2653 351 2718 lta
371 2650 478 2734 incipit
491 2651 559 2716 vita
570 2647 709 2715 Cleobuli
723 2649 809 2716 1892
832 2642 1049 2730 Κλεόβουλος,
1072 2639 1239 2732 Εὐαγόρου
1251 2647 1404 2726 Λίνδιος·
1499 2669 1500 2678 ’

301 2753 393 2836 ὡςδὲ
405 2759 532 2840 Δοῦρις,
555 2749 640 2839 Κάρ.
647 2745 752 2822 ’Ἑνιοι
762 2755 807 2836 δέ,
829 2752 877 2834 είς
885 2751 1051 2840 Ἡρακλέα
1064 2755 1239 2844 ἀναφέρειν
1258 2751 1406 2841 τὸγένος

301 2856 409 2945 αὐτόν,
433 2866 487 2932 ubi
509 2882 571 2930 nou
593 2865 697 2932 minus
718 2883 737 2929 e
756 2864 853 2930 verbo
886 2865 1032 2948 suppleto
1060 2865 1177 2947 pendet
1200 2867 1405 2932 accusativus

301 2973 546 3044 cuminhnitivo.
568 2972 682 3054 Itaque
696 2973 723 3038 si
743 2980 816 3056 post
827 2974 1018 3055 particulam
1028 2972 1065 3038 δέ
1077 2992 1201 3041 comma
1222 2975 1404 3054 scribimus,

301 3083 466 3165 quaeritur
488 3085 595 3148 utrum
616 3081 792 3147 subiectum
814 3082 856 3148 sit
878 3077 1080 3164 Epimenides
1100 3101 1142 3148 an
1157 3081 1289 3172 [Pythia.
1321 3081 1405 3148 Gum

301 3195 409 3258 autem
432 3189 633 3258 verisimilius
656 3190 699 3256 sit
719 3189 814 3256 deum
822 3189 1010 3271 Delphicum
1033 3189 1280 3258 Atheniensibus
1303 3191 1406 3257 inter-

303 3297 490 3382 rogantibus
514 3297 704 3380 respondere
726 3314 809 3379 quae
837 3289 934 3380 pestis
953 3317 1051 3365 causa
1070 3300 1128 3378 sit,
1155 3319 1251 3382 quam
1273 3298 1405 3380 Epime-

303 3407 406 3476 nidem
438 3407 505 3475 eius
538 3407 728 3475 auctoritate
760 3409 887 3490 demum
920 3409 1109 3475 advocatum
1144 3408 1177 3473 id
1202 3425 1404 3491 cognoscere,

305 3517 414 3586 malim
436 3517 581 3600 suppleto
602 3516 728 3582 nomine
749 3516 884 3598 Pythiae
912 3515 1009 3583 rerba
1040 3515 1123 3583 hunc
1145 3517 1177 3581 in
1204 3516 1333 3581 modum
1354 3517 1403 3582 iu-

303 3625 418 3708 telllgi:
441 3623 494 3692 alii
516 3627 622 3691 autem
644 3623 786 3705 tradunt,
808 3623 954 3707 Pythiam
967 3641 1096 3692 causam
1115 3624 1327 3706 nominavisse
1349 3643 1404 3706 pe-

305 3733 472 3802 stilentiae.
517 3731 598 3798 Tum
620 3735 727 3799 autem
749 3751 807 3814 pro
830 3731 1041 3818 σημαίνοντες
1065 3733 1206 3815 legemus
1237 3732 1283 3812 id,
1317 3733 1405 3813 quod

305 3841 399 3910 Kllhn
409 3837 434 3926 ¹)
458 3837 621 3924 proposuit
632 3837 798 3926 σημαίνειν
812 3861 858 3906 τε.
880 3839 1121 3907 Substantivum
1132 3839 1216 3920 qnod
1227 3844 1295 3921 tam
1309 3837 1406 3920 lenge

308 3949 412 4034 spatio
445 3947 620 4016 seiunctum
651 3947 860 4031 supplendum
890 3951 948 4030 est
970 3965 1032 4032 non
1061 3949 1212 4014 abhorret
1244 3948 1407 4014 aLaertii

306 4055 396 4140 Βίας.
417 4073 544 4140 parum,
577 4057 613 4122 nt
640 4057 778 4136 consmt,
812 4061 962 4124 accurato
987 4055 1263 4138 generedicendi:
1296 4060 1405 4121 tamen

406 4269 433 4342 1)
451 4267 493 4328 cd.
513 4267 628 4328 llllbnor
646 4269 672 4328 11
687 4271 789 4342 publ.
