3032 5086
772 401 806 455 56

338 571 403 637 Nec
423 571 468 637 illi
490 571 730 638 deterrebantur
751 588 787 638 eo
811 572 894 654 qnod
917 589 1044 639 somnus
1069 576 1107 636 57
1124 590 1280 639 annorum
1294 574 1339 640 ad

239 680 327 747 illam
339 699 492 746 annornm
504 681 737 763 dispositionem
747 699 808 747 non
820 681 964 762 quadrat,
988 682 1015 748 si
1026 701 1097 748 eum
1110 686 1183 749 ante
1191 682 1339 750 Athenas

241 791 394 857 lustratas
415 795 565 872 putamus
585 787 714 854 fimtum.
730 808 808 856 esse.
846 788 928 856 Nam
950 794 1020 854 tum
1041 796 1168 872 praeter
1189 809 1338 858 somnum

241 903 380 981 quatuor
412 902 536 966 tantum
570 915 668 964 annos
698 903 794 965 antea
819 899 966 964 'vixisset
1019 899 1081 964 Sed
1109 900 1248 965 nondum
1279 901 1339 965 ille

240 1008 359 1075 Laertii
381 1007 470 1089 Diog.
500 1010 611 1074 auctor
642 1006 783 1088 singulas
812 1025 864 1074 rea
892 1008 938 1073 ita
967 1008 1173 1090 disposuerat,
1205 1014 1242 1076 ut
1263 1027 1339 1074 eum

244 1135 352 1185 somno
374 1117 495 1182 clarum
519 1114 638 1181 facturn
660 1135 729 1183 esse
751 1115 877 1196 diceret,
900 1135 963 1200 qua
986 1117 1261 1198 oausaetiamille,
1282 1119 1341 1199 qui

244 1245 317 1294 eum
340 1223 462 1291 tamdiu
484 1225 667 1291 dormivisse
688 1225 838 1306 putabat,
865 1206 993 1292 credere
1020 1229 1147 1306 poterat
1168 1226 1199 1291 id
1218 1226 1342 1293 lactum

243 1340 440 1418 cssepostea,
462 1353 557 1416 quam
569 1332 689 1401 Solonis
710 1334 917 1416 temporibus,
937 1341 1040 1414 antea,
1064 1352 1160 1414 quam
1180 1354 1261 1401 anno
1275 1339 1341 1400 500

242 1441 384 1508 Athenas
415 1441 562 1509 venisset.
620 1442 680 1506 Alii
711 1441 800 1507 nulla
828 1442 952 1508 omnino
986 1444 1108 1508 ratione
1136 1443 1245 1508 habita
1276 1443 1341 1510 loci

242 1549 407 1631 Platonici,
428 1549 644 1632 Epimenidem
665 1569 771 1616 senem
793 1549 935 1617 Athenas
956 1552 1078 1617 venisse
1099 1551 1253 1629 dicebant,
1275 1569 1342 1632 quo

243 1657 365 1726 facilins
386 1679 535 1742 magnam
557 1660 624 1727 eius
645 1661 678 1726 in
697 1661 927 1727 commovendis
949 1660 1111 1727 hominum
1133 1662 1246 1728 animis
1266 1681 1343 1728 auc-

244 1769 405 1836 toritatem
431 1766 635 1851 explicarent.

344 1874 442 1944 Nobis
454 1876 558 1960 igitur,
586 1878 640 1958 qni
650 1877 792 1944 Platonis
806 1896 921 1943 annum
938 1896 1001 1944 non
1011 1884 1131 1944 rectum
1147 1897 1215 1945 esse
1226 1879 1341 1945 videri-

244 2004 323 2066 mus,
345 1986 419 2052 licet
440 1990 509 2053 arte
531 1987 585 2052 illa
606 1986 732 2053 detecta
753 2005 859 2053 omnes
881 2006 1028 2054 numeros
1050 1987 1210 2070 negligere
1231 1995 1263 2054 et
1279 1988 1343 2056 boc

247 2113 346 2161 unum
361 2100 477 2176 tenere,
497 2095 580 2179 quod
599 2100 673 2177 post
687 2097 789 2162 scelus
808 2095 1052 2177 Cyloniumeum
1064 2097 1207 2164 Athenas
1219 2097 1345 2164 venisse

248 2204 373 2271 scimus.
417 2203 502 2282 Quot
523 2205 614 2271 annis
633 2208 708 2270 ante
729 2203 875 2271 Solonem
901 2205 933 2270 id
961 2207 1080 2271 factum
1106 2207 1148 2271 sit
1175 2205 1343 2286 nescimus,

246 2311 392 2380 Solonem
415 2318 523 2380 autem
544 2312 597 2379 illo
621 2331 750 2380 munere
772 2332 852 2379 anno
873 2333 900 2378 a.
914 2313 947 2380 O.
963 2333 993 2379 n.
1006 2317 1187 2380 oet-n:
1203 2315 1243 2381 ol.
1258 2317 1342 2400 46,3

245 2420 388 2490 functum
400 2440 478 2503 esse,
494 2421 659 2489 Sosicratis
671 2423 851 2490 testimonio
862 2422 928 2489 lere
941 2427 1066 2491 constat
1075 2425 1107 2505 ¹).
1129 2424 1178 2490 Ab
1189 2423 1247 2488 boo
1258 2441 1343 2490 anno

245 2532 378 2598 derivati
406 2537 481 2599 sunt
500 2531 562 2613 illi,
594 2532 707 2614 quibus
738 2532 956 2613 Epimenidem
990 2533 1129 2600 Athenas
1159 2533 1344 2602 lustrauisse

174 2635 182 2650 ’
246 2641 367 2721 antiqui
389 2642 557 2722 scriptores
578 2641 717 2708 tradunt.
760 2640 811 2707 Ad
837 2661 932 2724 qnam
959 2661 1026 2710 rem
1049 2648 1158 2726 aptum
1171 2647 1232 2710 est
1257 2643 1344 2723 quod

248 2749 394 2816 Leander
417 2747 561 2816 Milesius
592 2755 735 2816 nostrum
757 2757 878 2832 septem
899 2752 1091 2833 sapientibus
1113 2751 1342 2833 adnumeravit,

248 2876 383 2941 quorum
405 2875 522 2924 annum
543 2862 665 2925 certum
679 2859 743 2924 iam
758 2858 823 2925 dixi
845 2878 914 2928 esse
925 2864 986 2925 584
997 2881 1027 2927 a.
1039 2860 1071 2928 Ο.
1083 2881 1114 2927 n.
1135 2861 1219 2927 Num
1231 2879 1343 2926 revera

253 2971 312 3034 154
333 2985 433 3036 annos
457 2967 570 3034 vixerit
591 2969 757 3050 nescimus,
779 2987 874 3050 quam
891 2988 958 3037 rem
969 2988 1009 3035 ne
1021 2971 1205 3054 aequalibus
1215 2969 1341 3052 quidem

247 3077 329 3144 satis
350 3080 459 3144 notam
478 3077 575 3144 luisse
596 3075 827 3144 affirmaverim.

349 3185 378 3269 ᾗ.
392 3189 440 3254 12.
483 3187 531 3252 De
559 3188 625 3269 ipso
645 3187 832 3268 Epimenide
852 3187 1073 3271 quaestionum
1100 3187 1194 3253 finem
1216 3185 1344 3254 facienti

246 3294 310 3361 noli
332 3295 436 3376 irasci,
459 3294 485 3388 si
505 3293 587 3360 forte
609 3295 775 3386 imaginem
797 3296 883 3364 illins
895 3296 934 3362 ab
945 3296 1126 3362 Heinrichio
1148 3297 1342 3379 propositam

247 3404 280 3468 in
302 3403 452 3469 memoria
473 3402 607 3488 habeas,
638 3405 721 3486 qnod
741 3424 908 3486 personam
937 3407 976 3470 ab
1007 3406 1061 3473 illo
1083 3405 1215 3485 aliisque
1236 3403 1344 3472 fictam

248 3511 359 3591 delevi,
381 3511 500 3578 multas
522 3515 631 3579 contra
658 3529 707 3578 res
728 3514 785 3579 tibi
809 3515 841 3580 in
862 3507 981 3581 incertb
1002 3514 1123 3597 reliqui.
1167 3515 1249 3580 Nam
1271 3531 1345 3579 cum

249 3619 355 3703 optimi
378 3637 484 3684 rerum
506 3621 676 3702 scriptores
697 3639 770 3687 eum
792 3641 854 3688 non
878 3623 1005 3703 dignum
1035 3624 1211 3701 crederent,
1249 3641 1345 3704 quem

251 3733 540 3808 commemorarent,
564 3727 678 3795 infelici
700 3749 777 3797 casn
796 3730 986 3811 factumest,
1010 3738 1046 3799 ut
1066 3731 1103 3798 de
1116 3731 1346 3799 somnovatici·

249 3835 427 3902 nationibus
458 3834 543 3901 victu
569 3837 635 3904 eins
668 3837 771 3904 multa
792 3840 967 3920 audiamus,
1000 3841 1038 3906 de
1059 3839 1213 3908 institutis
1235 3845 1346 3908 autem

250 3942 318 4009 eius
341 3946 407 4010 tarn
428 3963 531 4026 pauca
553 3950 589 4012 nt
614 3948 766 4029 suspicari
786 3950 888 4031 magis
910 3966 1005 4030 quam
1029 3951 1107 4018 scire
1129 3949 1248 4032 aliquid
1272 3968 1346 4032 pos·

165 4125 168 4128 ,
251 4052 356 4120 simus.
400 4054 469 4133 Quo
490 4063 632 4138 tempore
653 4055 804 4125 Graeciae
824 4059 966 4126 civitates
988 4061 1126 4128 externis
1147 4061 1180 4126 et
1202 4058 1354 4128 civilibus

268 4331 272 4338 ,
350 4272 377 4343 1)
396 4271 510 4328 Ibidem.
531 4293 558 4344 p.
580 4275 642 4331 114.
