3032 5086
417 1640 568 1722 6616166
600 1637 680 1721 ccco
717 1639 908 1750 Schultess
944 1639 989 1720 de
1019 1641 1099 1746 vita
1129 1661 1208 1721 sua

359 2105 462 2171 Natus
476 2123 546 2172 sum
561 2105 807 2173 (1611666661
824 2109 904 2170 1866
919 2105 1103 2188 parentibus
1126 2103 1354 2187 christophoro

263 2219 294 2282 61
315 2213 427 2281 0111116
449 2215 656 2297 Druxbcrgae
678 2214 798 2280 166166
818 2213 1091 2296 llagdeburgensi,
1113 2213 1167 2279 ubi
1188 2217 1356 2303 6616166-

262 2342 332 2391 6166
353 2342 404 2390 166
424 2324 635 2390 administrat.
676 2323 784 2390 Fidem
806 2327 906 2389 testor
926 2323 1149 2405 evangelicam.
1173 2321 1355 2387 literarum

262 2431 442 2515 primordiis
460 2451 481 2498 6
502 2433 661 2515 magistris
680 2433 775 2516 patrii
796 2432 856 2497 vici
878 2438 910 2498 61
931 2432 1058 2518 abipso
1080 2436 1171 2514 patre
1185 2431 1354 2512 eruditum,

262 2541 406 2613 liberales
421 2544 505 2608 artes
527 2561 577 2608 me
598 2543 771 2608 docuerunt
793 2543 949 2625 gymnasii
960 2540 1248 2624 Magdeburgensis‚
1270 2538 1354 2620 quod

262 2655 313 2718 est
345 2651 463 2718 Bootae
492 2649 614 2717 Mariae
635 2651 788 2732 Virginis,
814 2651 968 2733 magistri.
1012 2649 1151 2728 Quorum
1172 2648 1354 2732 disciplinae

263 2778 332 2826 cum
359 2778 432 2827 vere
464 2759 645 2825 66611866
675 2760 811 2826 traditus
839 2778 938 2827 essem
971 2761 1006 2826 Α.
1036 2760 1181 2825 1116611611
1205 2757 1354 2825 beneficio

261 2866 464 2950 iactum'est,
494 2873 531 2934 61
557 2869 630 2934 inde
655 2869 695 2935 ab
716 2887 799 2934 anno
818 2869 995 2949 insequenti
1015 2869 1047 2934 in
1069 2869 1138 2951 ipso
1157 2867 1354 2950 paedagogio

262 2978 360 3044 vitam
382 2977 459 3043 mihi
480 2975 593 3060 degere
614 2977 734 3058 liceret,
756 2978 991 3044 moderantibus
1014 2977 1050 3043 G.
1062 2976 1211 3044 Herbstio
1231 2984 1265 3042 et
1276 2976 1355 3042 Bor-

260 3105 384 3153 manno.
423 3068 617 3153 ¹Leitzmanni
641 3086 798 3155 Weidneri
820 3085 942 3154 Allredi
968 3085 1130 3152 Eberhard
1157 3091 1353 3152 constantem

261 3213 338 3279 erga
358 3215 410 3263 me
429 3194 677 3262 benevolentiam
697 3201 790 3278 grata
812 3214 935 3277 semper
956 3195 1107 3262 memoria
1127 3196 1250 3261 tenebo.

275 3381 277 3388 Α
359 3304 442 3370 Vere
469 3303 542 3370 anni
571 3307 651 3368 1874
676 3303 808 3387 migravi
832 3303 985 3386 Lipsiam‚
1011 3302 1044 3369 in
1075 3305 1180 3370 sedem
1212 3303 1351 3369 omnium

261 3413 378 3483 artium
405 3410 669 3494 scientiarumque
696 3413 808 3478 merito
838 3411 1058 3492 clarissimam,
1092 3411 1145 3477 ubi
1176 3430 1233 3494 per
1263 3430 1356 3480 senos

125 3526 128 3536 '
262 3539 386 3590 menses
407 3521 525 3589 sodalis
545 3518 590 3585 fui
613 3521 831 3603 proseminarii
852 3518 1030 3603 philologici
1052 3525 1084 3586 et
1104 3521 1263 3588 seminarii
1284 3540 1356 3603 ger·

201 3623 204 3630 ’
261 3630 373 3696 manici
384 3629 500 3695 sodalis
511 3629 788 3708 extraordinarius,
802 3627 1079 3695 exercitationibus
1090 3626 1218 3696 interfui
1228 3628 1361 3696 histcrim

255 3739 305 3807 cis
326 3737 457 3821 Voigtii,
488 3735 759 3820 palaeographicis
782 3736 930 3802 Wutthii.
972 3739 1149 3804 ductumno
1174 3738 1353 3803 66611875

263 3846 431 3930 Georgiam
451 3846 630 3928 Augustam
649 3846 850 3914 Academiam
874 3847 947 3925 adii,
969 3845 1021 3911 ubi
1038 3847 1070 3912 16
1091 3845 1354 3928 proseminarium
1436 3899 1450 3926 ,

259 3956 492 4042 philologicum
515 3945 588 4022 mox
609 3956 641 4021 in
652 3956 756 4037 ipsum
779 3955 982 4024 seminarium
1003 3961 1147 4038 receptus
1162 3973 1241 4036 sum,
1263 3955 1371 4022 66166·

261 4066 378 4134 sodalis
399 4065 575 4152 ordinarius
588 4083 646 4147 per
667 4083 765 4130 unum
786 4081 904 4129 annum
925 4064 980 4130 161.
1017 4061 1206 4132 Wieselerus
1227 4063 1355 4131 bissex

260 4175 476 4242 6666661611
497 4193 547 4241 me
568 4175 650 4239 inter
669 4173 828 4240 seminarii
858 4173 1088 4256 ercbaeclogici
1115 4165 1254 4240 sodales(
1289 4171 1353 4240 De·

259 4283 332 4349 inde
358 4288 395 4350 ut
416 4285 653 4353 exercitationes
679 4281 845 4350 historicas
872 4280 1105 4366 frequentarem
1131 4271 1352 4350 concesserunt

259 4392 350 4462 Pauli
369 4398 403 4462 et
426 4393 638 4464 Wachsmuth.
1222 4404 1225 4409 ’
