3032 5086
634 529 668 586 51

201 697 231 777 ξ.
256 699 304 762 10.
346 696 415 762 Iam
436 695 588 764 historiae
608 695 722 762 finibus
737 697 856 765 relictis
879 697 1052 766 referamus
1073 717 1131 767 nos
1153 701 1194 768 ad

99 803 244 871 fabulam
263 804 312 871 de
332 821 463 870 somno
484 803 679 885 mirabili,
702 822 766 886 que
787 810 894 873 noster
914 809 1085 875 maximam
1107 810 1193 892 apud

93 913 237 980 omnium
258 919 435 995 temporum
452 914 622 995 scriptores
643 915 776 995 gloriam
794 920 976 983 consecutus
992 921 1049 984 est.
1093 917 1193 984 Theo·

96 1041 233 1106 pompus
266 1025 373 1108 autem
404 1023 490 1104 apud
511 1021 672 1087 Laertium
692 1022 782 1106 Diog.
803 1024 819 1089 Ι
842 1028 902 1089 109
925 1030 1045 1110 narrat,
1067 1025 1192 1108 Epime-

94 1131 202 1198 nidem
224 1131 382 1212 qnondam
404 1135 536 1214 epatre
558 1148 613 1196 rus
628 1131 757 1198 missum
780 1151 849 1200 esse
870 1138 907 1199 ut
928 1152 1019 1202 ovem
1042 1135 1191 1202 amissam

97 1243 284 1322 quaereret:
310 1257 373 1323 quo
394 1239 502 1307 labore
523 1239 691 1322 fatigatum
707 1240 826 1306 vitandi
849 1242 960 1310 caloris
982 1262 1079 1310 oausa
1100 1263 1120 1310 a
1142 1243 1195 1310 via

95 1351 273 1419 devertisse
294 1355 327 1416 et
347 1351 380 1414 in
396 1355 488 1416 antro
504 1349 640 1431 quodam
659 1365 768 1415 somno
786 1349 941 1418 altissimo
956 1351 1094 1434 sopitum
1116 1371 1193 1420 esse.

95 1459 178 1526 Cum
210 1465 318 1528 autem
350 1459 580 1543 quinquaginta
613 1463 733 1542 septem
765 1459 857 1528 aunis
886 1465 959 1542 post
991 1467 1193 1544 experrectus

94 1576 191 1652 esset,
213 1588 346 1665 paruum
367 1573 492 1636 tantum
514 1568 666 1651 temporis
688 1569 826 1650 spatium
847 1588 882 1636 se
901 1569 1082 1638 dormivisse
1103 1577 1193 1640 ratus

25 1747 26 1752 ,
93 1679 134 1745 ab
157 1696 253 1760 opere
284 1679 407 1760 inoepto
428 1674 495 1744 ouis
527 1676 727 1758 quaerendae
751 1695 815 1744 non
836 1678 967 1745 destitit.
1021 1678 1084 1746 Sed
1116 1698 1194 1746 rura

92 1792 232 1869 paterna
254 1805 381 1870 prorsus
402 1791 530 1852 mutata
550 1787 604 1853 vix
626 1787 723 1884 oculis
737 1805 926 1870 cognoscens
940 1789 1023 1854 utin
1042 1790 1191 1872 oppidum

94 1897 192 1980 redit,
219 1895 396 1979 obstupefit
417 1897 597 1979 ignotorum
618 1895 780 1964 hominum
802 1903 942 1980 aspectu,
975 1899 1192 1979 quaerentium

25 2043 27 2078 r
92 2007 165 2087 quis
187 2007 238 2074 sit.
280 2007 424 2090 Denique
452 2023 510 2088 per
540 2002 673 2071 fratrem
703 2010 798 2074 antea
818 2012 896 2074 natu
918 2007 1091 2091 minimum,
1123 2012 1194 2074 tum

25 2097 27 2232 l

95 2116 184 2182 senio
206 2115 403 2184 laborantem
423 2105 500 2196 ¹quid
532 2114 654 2181 interea
675 2119 801 2198 gestum
824 2116 866 2194 sit
886 2117 1046 2199 comperit.
1088 2115 1193 2197 Atque

25 2239 26 2266 ³
68 2271 70 2274 -
93 2241 166 2290 oum
185 2225 288 2307 primo
303 2226 376 2306 post
390 2241 534 2288 somnum
545 2221 597 2291 die
610 2225 741 2290 eandem
757 2225 896 2306 corporis
909 2225 1043 2307 speciem
1060 2224 1194 2292 haberet

95 2339 196 2417 atque
219 2339 325 2415 antea,
348 2337 386 2396 57
411 2331 520 2398 diebus
537 2349 600 2397 non
618 2333 712 2398 aliter
732 2334 838 2400 senuit
857 2338 954 2415 atque
974 2335 1029 2400 alii
1049 2335 1191 2401 homines

96 2442 249 2510 biennis
273 2443 512 2508 consenuerant.
549 2439 663 2506 Paucis
679 2443 803 2507 tantum
827 2442 922 2509 rebus
939 2443 1078 2510 'mutatis
1099 2442 1192 2524 Apol·
1317 2481 1321 2488 ·

96 2550 199 2618 ionius
230 2551 303 2618 hist.
337 2568 445 2616 comm.
475 2553 502 2614 1.
531 2546 671 2614 fabulam
704 2553 824 2632 narrat,
857 2569 914 2618 neo
945 2552 1050 2618 minus
1071 2549 1193 2618 Plinius

95 2659 133 2726 N.
144 2661 186 2728 H.
199 2661 261 2728 VH
273 2663 341 2737 115,
364 2660 420 2742 qui
436 2658 525 2724 addit
541 2675 612 2724 eum
629 2676 761 2740 puerum
774 2674 882 2724 somno
895 2659 1011 2724 vietum
1022 2677 1090 2726 esse
1104 2666 1136 2726 et
1146 2660 1192 2726 in·

99 2776 227 2838 ventem
247 2769 388 2836 fabulam
411 2785 563 2834 essenon
585 2768 689 2834 minus
716 2766 825 2848 eredit,
859 2780 954 2849 quam
976 2768 1191 2835 Tertullianus

95 2877 133 2944 de
154 2879 262 2946 anima
286 2883 336 2944 44.
372 2875 563 2943 Plutarchus
578 2875 602 2958 ¹)
625 2882 849 2944 commemorat
870 2895 941 2942 eum
964 2876 1192 2968 adolescentem

25 3057 26 3064 χ
96 3007 205 3056 somno
224 3006 419 3072 oppressum,
443 2987 673 3070 quinquaginta
690 2986 782 3052 annis
798 2990 871 3065 post
888 3003 995 3060 senem
1007 2973 1192 3058 surrexisse

97 3095 210 3165 Suidas
231 3104 263 3164 et
280 3097 458 3163 Pausanias
477 3113 544 3182 rem
566 3095 674 3179 paucis
693 3097 817 3160 tantum
839 3094 1012 3180 attingunt,
1033 3093 1192 3162 Maximus

25 3183 26 3236 1
99 3205 213 3288 Tyrius
234 3204 368 3287 denique
382 3203 409 3286 ²)
430 3201 572 3270 laomen
595 3202 634 3268 ab
650 3201 836 3283 Epimenide
856 3201 924 3283 ipso
941 3201 1101 3268 inuentam
1123 3218 1193 3286 essa

25 3310 1290 3403 rmfflmmmmmmm·

25 3473 27 3492 .
96 3427 188 3490 esset

181 3530 259 3606 ,Nos
290 3547 348 3597 neo
379 3547 449 3596 oum
481 3527 584 3594 Plinio
613 3532 646 3593 et
667 3526 862 3594 Tertulliano
895 3544 961 3592 rem
992 3526 1106 3594 fabulis
1136 3527 1191 3594 ad·

25 3613 27 3666 ss
97 3638 232 3705 seribere
251 3654 307 3703 neo
322 3636 452 3702 Maximi
469 3635 554 3718 Tyrii
570 3634 864 3717 interpretationem
884 3633 996 3701 falsam
1011 3623 1192 3702 existimare

97 3745 317 3815 dubitabimus.
353 3745 467 3826 Inepta
488 3749 537 3810 est
558 3743 655 3810 etiam
677 3743 810 3826 antiqua
830 3742 887 3808 illa
908 3744 1010 3827 opinio
1032 3762 1140 3810 eorum
1153 3745 1190 3826 ⁸),

96 3857 158 3938 qui,
181 3856 305 3923 ratione
333 3852 460 3922 fabulae
493 3851 709 3918 difficultatem
739 3869 901 3918 removere
922 3853 1093 3934 cupientes,
1115 3851 1188 3936 Epi-

25 4029 26 4036 ,
98 3964 250 4032 menidam
274 3964 423 4030 dixerunt
442 3981 499 4045 per
520 3963 650 4080 longum
671 3965 795 4044 tempus
817 3960 879 4026 arti
900 3959 1038 4028 medieas
1059 3979 1188 4043 operam

100 4117 276 4136 ὴὲ...-

195 4215 222 4286 1)
239 4215 313 4270 Plut.
331 4230 368 4268 an
385 4212 445 4268 seni
462 4211 500 4268 sit
515 4210 673 4280 respublica
690 4210 819 4280 gerenda
837 4209 902 4266 112.

195 4312 223 4383 2)
242 4311 313 4368 Dies.
334 4305 596 4366 16.12851teiske.
695 4353 697 4360 ,
766 4353 770 4362 .

195 4410 224 4482 3)
239 4408 331 4466 noem
350 4408 430 4480 Diog.
448 4407 538 4461 1112„
557 4404 656 4460 Suidas
674 4423 695 4459 s.
714 4421 741 4460 v.
758 4404 949 4471 διεκπατῆσαι.
1019 4417 1021 4422 ·
