3032 5086
851 493 886 548 54

325 666 460 734 forsitan
478 667 602 734 initium
623 665 797 750 ceperitea,
817 682 899 746 quae
920 668 969 732 est
990 665 1029 731 de
1048 681 1157 732 somno
1173 662 1307 730 mirabili
1319 677 1412 742 quae·

323 793 385 857 que
406 777 517 858 postea
538 775 578 842 ab
610 775 767 842 historicis
798 780 832 840 et
859 773 1099 858 mythographis
1131 775 1177 839 ita
1210 772 1332 839 exculta
1358 774 1415 853 est,

322 890 360 950 ut
382 902 464 950 nnnc
495 885 580 967 apud
602 883 839 968 Theopompum
873 883 1014 964 legimus.
1058 883 1119 948 Est
1151 886 1261 948 autem
1292 881 1323 945 in
1354 880 1418 946 alia

222 1081 226 1088 ι
323 993 379 1060 illa
399 991 518 1074 fabula,
541 993 679 1058 animum
692 992 758 1059 eius
779 991 930 1074 quamdiu
950 992 1087 1058 voluerit
1107 992 1216 1056 rehcto
1243 1007 1371 1076 corpore
1385 989 1417 1052 in

323 1102 441 1168 mundo
463 1106 613 1184 vagatum
640 1106 750 1184 postea
779 1102 811 1166 in
834 1118 949 1184 corpus
971 1099 1107 1166 rediisse.
1151 1100 1234 1164 Nam
1261 1100 1344 1180 quod
1371 1102 1417 1164 est

322 1211 355 1276 in
386 1209 512 1277 Laertio
544 1210 767 1294 Diog.1114:
804 1207 929 1295 tepeant
961 1211 1229 1298 προςποιηθῆναι
1262 1202 1418 1283 πολλάκις

326 1310 587 1401 ἀναβεβιωκέναι,
609 1319 788 1408 accuratius
809 1320 987 1401 explicatur
1010 1337 1028 1382 a
1058 1317 1169 1385 Suida:
1197 1301 1237 1384 οό
1258 1311 1353 1400 λόγος
1374 1309 1418 1392 είς

284 1481 286 1484 .
326 1424 407 1508 ἐξίοι
425 1420 445 1515 ἡ
466 1420 556 1511 ψυχὴ
579 1419 706 1491 ὁπόσον
736 1413 837 1511 ἤθελε
859 1419 972 1506 καιρόν
994 1423 1049 1488 καὶ
1069 1418 1171 1489 πόλιν
1193 1421 1296 1514 εἰσῄει
1316 1424 1349 1492 ἐν
1371 1424 1417 1510 τῷ

325 1529 462 1618 σώματι,
485 1541 518 1603 et
539 1535 579 1601 ab
601 1533 756 1616 Hesychia
779 1533 914 1600 Milesio:
943 1524 1038 1617 λόγος
1059 1526 1104 1610 aig
1124 1529 1275 1623 ἐξήρχετο
1295 1528 1418 1620 ἡψυχὴ

326 1638 382 1710 ὅτε
402 1637 559 1733 ἠβούλετο
574 1642 627 1707 καί
643 1635 772 1708 ὁπόσον
785 1631 887 1731 ἤθελε
905 1636 1019 1725 καιρόν
1032 1640 1086 1707 καί
1097 1636 1196 1708 πόλιν
1213 1638 1420 1734 ἐπανήρχετο.

327 1755 415 1820 Idem
437 1757 548 1820 narrat
569 1752 690 1819 Plinius
713 1754 752 1820 de
772 1754 898 1820 Aristeu
923 1753 1192 1850 Hermotimoquc‚
1218 1760 1251 1821 et
1275 1759 1337 1823 iam
1360 1755 1420 1822 He

328 1861 584 1930 clidesPonticus
605 1863 721 1930 librum
742 1863 820 1945 legit
829 1862 1031 1946 Pythagorae
1048 1865 1172 1931 nomine
1194 1863 1275 1932 falso
1294 1865 1421 1948 inscrip

219 1993 222 1998 ·
261 1982 266 1994 ·
326 1977 405 2055 tum,
427 1991 489 2056 quo
511 1973 628 2038 dictum
650 1977 719 2038 erat
741 1973 826 2038 illius
853 1974 993 2038 animum
1021 1991 1078 2054 per
1112 1974 1234 2040 caelum
1260 1979 1292 2040 ct
1314 1991 1420 2041 orcum

327 2087 478 2164 vagatum
500 2101 579 2149 csse.
621 2081 709 2147 Idem
732 2082 795 2160 iam
816 2082 880 2147 dixi
902 2083 941 2147 de
960 2082 1307 2168 Hermotimo-narrari,
1333 2083 1420 2148 cuius

325 2193 359 2258 in
382 2210 512 2274 corpora
535 2189 680 2259 ferebant
698 2190 914 2274 Pythagoram
937 2196 1031 2257 antea
1049 2191 1156 2259 luisse.
1201 2193 1294 2258 Tales
1316 2195 1423 2257 autem

329 2299 455 2366 fabulas
479 2300 716 2381 antiquissimas
739 2317 806 2366 esse
822 2299 931 2366 Rohde
952 2299 1032 2366 vidit
1041 2300 1075 2382 ¹),
1098 2300 1242 2380 quamvis
1265 2301 1364 2366 etiam
1385 2300 1422 2364 de

326 2408 510 2492 Pythagora
529 2409 648 2490 primus
670 2408 758 2475 nohis
773 2413 883 2475 auctor
904 2410 945 2476 sit
960 2410 1189 2492 Theopompus,
1212 2429 1284 2476 cum
1305 2411 1369 2474 iam
1391 2409 1421 2472 in

326 2518 440 2584 Indicis
470 2517 585 2584 fabulis
616 2517 750 2613 'historia
781 2518 959 2584 inveniatur
990 2518 1148 2586 simillima
1177 2519 1223 2600 ei,
1255 2536 1352 2600 qnam
1385 2517 1421 2583 de

328 2628 526 2695 Hermotimo
554 2626 667 2693 Graeci
693 2627 874 2692 narrabant.
922 2627 1027 2710 Atque
1058 2633 1095 2693 ut
1125 2646 1196 2693 cum
1211 2628 1285 2694 -hao
1304 2625 1419 2704 fabula,

329 2756 411 2820 quac
427 2755 496 2802 non
517 2735 891 2816 abEpimenidcinventa
905 2740 954 2802 est
975 2737 1029 2803 sed
1041 2738 1141 2802 multo
1164 2739 1239 2803 ante
1261 2741 1334 2802 orta
1357 2735 1420 2802 eius

292 2859 296 2868 ·
330 2846 447 2912 nomini
461 2848 586 2912 tantum
602 2844 755 2922 adhaesit,
778 2845 863 2927 apud
874 2851 1017 2912 nostrum
1037 2847 1200 2912 coniuncta
1222 2851 1273 2912 est
1292 2845 1421 2912 historia

328 2956 368 3023 cle
390 2972 498 3020 somno
519 2955 575 3019 illo
608 2953 759 3035 mirabili,
791 2955 838 3020 ita
857 2955 1037 3022 Herodotus
1058 2956 1103 3022 IV
1119 2959 1157 3020 14
1177 2955 1354 3035 Arietem,
1385 2954 1421 3020 de

329 3081 391 3146 quo
420 3063 503 3128 idem
532 3062 790 3146 praedicabatur,
822 3070 934 3131 narrat
955 3084 1025 3130 cum
1052 3068 1147 3130 antea
1179 3068 1324 3130 mortuus
1355 3081 1420 3130 esse

330 3173 486 3239 diceretur
507 3171 639 3253 septimo
672 3189 753 3238 anno
783 3176 855 3253 post
885 3173 1013 3240 rediisse
1042 3191 1142 3255 eoque
1169 3176 1311 3255 tempore
1339 3169 1420 3256 apud
1460 3211 1466 3226 ·

333 3282 517 3361 Arimaspus
537 3277 644 3346 luisse.
663 3304 667 3311 ·

433 3387 588 3454 Fabulam
612 3371 710 3470 igitur
730 3387 816 3454 illam
840 3407 903 3470 qua
923 3389 1017 3470 initio
1027 3391 1126 3457 nostri
1141 3390 1259 3456 saeculi
1270 3388 1421 3456 Goethius

332 3517 408 3566 usus
429 3497 586 3582 estapud
606 3497 753 3590 antiquos
773 3499 969 3566 notissimam
991 3499 1089 3567 fuisse
1110 3503 1237 3582 practer
1251 3500 1338 3564 locos
1361 3500 1421 3563 iam

329 3606 476 3673 laudatos
501 3606 719 3672 demonstrant
747 3605 878 3673 Luciani
905 3608 1016 3674 Timon
1047 3612 1081 3690 6,
1108 3607 1168 3673 ubi
1183 3607 1295 3673 Timon
1315 3606 1420 3673 Iovem

330 3716 489 3798 increpat:
510 3709 593 3798 ὑπὲρ
619 3713 676 3780 τόν
690 3705 894 3801 Ἐπιμενίδην
905 3715 1095 3802 κεκοίμησαι
1115 3721 1148 3782 et
1160 3716 1246 3782 loeus
1258 3714 1422 3795 in'dialogo

304 3826 307 3832 ’
336 3818 546 3909 melopaeiae
566 3815 588 3912 ἢ
605 3822 817 3910 uncaeque),
838 3825 891 3893 ubi
916 3828 1013 3893 etiam
1034 3826 1073 3892 de
1095 3825 1232 3892 remedio
1257 3824 1312 3890 illo
1333 3821 1422 3889 famis

330 3933 463 4016 sitisque
482 3934 647 4015 pellendae
668 3934 788 4001 dictum
809 3953 878 4002 csse
899 3940 1014 4017 potest.
1044 3936 1083 4024 ln
1094 3935 1275 4017 Hieronymi
1289 3932 1421 4017 epistola

440 4178 466 4247 1)
483 4175 515 4231 Ε.
535 4175 642 4246 Rebus,
659 4174 709 4232 Rh.
729 4175 801 4232 Mus.
816 4175 850 4233 N.
868 4176 900 4232 F.
918 4177 1008 4235 XXVI
1026 4195 1054 4247 p.
1066 4177 1119 4232 558
1137 4179 1195 4231 not.
1399 4224 1402 4230 ,

432 4272 460 4344 2)
483 4272 525 4327 ed.
546 4271 589 4327 W.
612 4271 734 4327 Dindorf
758 4275 835 4330 1842.
858 4292 884 4345 p.
898 4275 957 4329 588.
980 4273 1075 4328 Etiam
1096 4272 1291 4334 anducate.
1312 4290 1340 4344 p.
1361 4273 1420 4328 150:
1494 4299 1495 4312 .

333 4361 401 4428 ὅθεν
419 4371 465 4424 καὶ
476 4373 610 4443 παροιμία
632 4370 756 4441 ἐλείφθη,
772 4367 842 4440 ὑπὲρ
859 4367 908 4424 τὸν
923 4366 1100 4443 Ἐπιμενίδην
1117 4369 1278 4442 κοιμᾶσθαι.
