3032 5086
860 539 896 594 62

325 725 460 776 navasse
480 715 514 776 et
534 709 649 777 herbas
671 709 834 792 collegisse
856 707 1060 796 (ῥιζοτομία).
1092 708 1174 775 Nam
1190 717 1227 777 nt
1239 710 1430 778 Heinrichio

323 836 354 900 p.
376 821 416 882 43
444 834 490 899 sq.
523 817 739 896 concedamus,
771 818 965 885 sacerdotem
999 818 1155 886 lustrandi
1193 820 1331 900 peritum
1370 819 1430 884 illc

326 929 470 1008 tempore
495 944 603 993 omnes
629 925 744 992 herbas
772 943 958 1008 cognoscere
980 925 1131 1006 debuisse,
1165 928 1206 993 ad
1234 928 1430 1011 111111111-

325 1035 444 1116 gendas
466 1040 499 1102 et
521 1035 719 1118 apparandus
741 1036 877 1117 pertinet
902 1036 1033 1103 verbum
1059 1017 1252 1122 ῤἰζοτομεῖν,
1283 1039 1429 1104 anctori-

324 1149 424 1211 tatem
453 1149 539 1211 certe
560 1144 605 1210 illi
627 1144 881 1226 interpretationi
908 1163 968 1210 non
990 1145 1174 1226 tribuemus,
1207 1164 1278 1212 cnm
1301 1148 1430 1213 aseris

325 1253 451 1320 demum
478 1253 659 1320 auctoribus
689 1254 815 1318 inventa
837 1252 887 1318 sit.
940 1252 1047 1331 Quare
1067 1254 1272 1321 lustratorem
1293 1255 1431 1337 Epime-

324 1361 428 1428 nidem
450 1380 512 1428 non
535 1362 667 1428 eundem
691 1366 727 1426 ut
748 1361 902 1428 medicum
924 1361 1158 1428 admirabimur.

425 1470 521 1537 Cuius
541 1468 667 1538 fabulae
691 1469 834 1549 quamvis
855 1470 992 1550 primum
1008 1474 1123 1536 testem
1136 1471 1307 1539 habeamus
1320 1471 1433 1537 Theo·

325 1596 483 1662 pompam,
515 1584 623 1645 temen
657 1576 817 1656 antiquior
849 1596 887 1643 ea
918 1577 1043 1643 videtur
1075 1584 1108 1644 11
1139 1578 1210 1645 inde
1242 1585 1312 1645 orta
1341 1599 1433 1661 esse,

327 1689 411 1771 qnod
443 1687 655 1770 longissimam
683 1687 781 1751 vitam
804 1690 969 1764 (annorum
1002 1669 1076 1768 154‘)
1099 1693 1205 1754 nostro
1234 1690 1297 1755 iam
1318 1687 1433 1754 Xeno-

327 1796 449 1878 phanes
464 1796 676 1878 Colophonius
698 1795 817 1861 tribuit.
852 1794 911 1872 Qui
930 1813 1083 1860 annorum
1102 1815 1253 1864 numerus
1266 1815 1322 1863 nec
1335 1797 1433 1878 apud

328 1907 475 1987 antiquos
498 1905 666 1988 scriptores
688 1903 814 1971 omnino
836 1904 978 1985 exemplo
1000 1910 1097 1985 earet,
1119 1923 1190 1970 cum
1207 1905 1328 1972 Plinius
1346 1905 1431 1973 Nat.

327 2014 409 2082 Hist.
433 2014 493 2080 VII
517 2018 577 2078 154
599 2021 632 2079 et
653 2012 793 2095 Phlegon
814 2013 845 2076 in
866 2013 946 2080 libro
975 2011 1054 2096 περὶ
1074 2011 1262 2097 μακροβίων
1274 2015 1300 2096 ¹)
1322 2019 1432 2080 testes

327 2124 400 2205 sint,
424 2123 643 2206 Arganthonic
659 2121 874 2191 Tartesiorum
891 2122 958 2202 regi
974 2121 1013 2187 ab
1028 2125 1227 2188 Anacreonte
1245 2126 1303 2187 150
1322 2140 1433 2188 annos

327 2230 465 2298 tributos
479 2249 558 2312 asse,
582 2236 614 2296 11
637 2233 746 2296 nostra
759 2234 866 2294 aetate
886 2228 1052 2295 nonnullos
1069 2231 1211 2298 homines
1231 2232 1329 2322 vitani
1350 2231 1432 2311 plns

329 2345 453 2405 centnm
486 2358 639 2406 annorum
670 2344 852 2406 consecutos
884 2357 953 2406 esse
984 2340 1136 2406 andimus.
1179 2340 1298 2405 Tamen
1318 2339 1432 2405 minus

331 2449 476 2516 mirabile
497 2448 664 2516 uidebatur
680 2452 739 2512 154
761 2454 834 2514 ante
855 2454 989 2514 mortem
1011 2450 1102 2515 annis
1120 2452 1230 2512 netum
1252 2465 1320 2512 esse
1341 2465 1432 2530 eum,

327 2559 381 2639 qni
403 2553 524 2626 interea
556 2558 672 2624 multos
704 2575 802 2623 annos
833 2557 1040 2623 dormivisset.
1074 2556 1172 2623 'Post
1194 2556 1427 2639 Xenophanem

327 2684 477 2734 numerus
498 2671 583 2733 certo
606 2664 736 2732 artificio
759 2669 869 2730 auctus
890 2671 940 2732 est
961 2666 1001 2730 ad
1027 2669 1135 2750 151,1
1159 2665 1272 2747 quibus
1294 2670 1426 2730 centnm

328 2792 446 2854 annos,
478 2776 497 2840 i.
522 2794 549 2847 1.
580 2780 646 2856 1111
681 2767 791 2858 γενεάς
822 2775 908 2839 vitae
929 2774 997 2856 ipsi,
1029 2779 1095 2840 tres
1128 2762 1431 2859 ἒννὲακαιόεκαετη-

332 2881 423 2964 picae
455 2901 564 2951 somno
596 2882 740 2950 tribuunt
751 2883 786 2965 2).
838 2882 1040 2964 Undeviginti
1067 2882 1149 2949 enim
1172 2883 1262 2948 annis
1283 2887 1431 2964 praeter-

319 2972 424 3074 lapsis
446 2993 529 3060 idem
553 2992 690 3058 siderum
712 2996 815 3058 status
835 2992 920 3058 redit
942 2989 989 3074 (ἐν
1004 2981 1057 3068 οἷς
1077 2984 1118 3055 τὰ
1137 2978 1241 3074 ἄστρα
1261 2983 1428 3058 11111111-

327 3093 523 3166 κατάστασιν
552 3099 722 3183 ποιεῖται),
763 3119 825 3182 qun
858 3117 1012 3166 annornm
1045 3101 1147 3182 spatio
1185 3100 1282 3164 etiam
1313 3107 1429 3183 postca

331 3208 465 3276 Athenis
485 3209 594 3276 Meton
613 3211 649 3275 in
670 3209 906 3294 computatione
934 3211 1088 3276 mensium
1115 3215 1147 3274 et
1168 3226 1324 3275 annornm
1347 3229 1429 3278 usus

329 3324 386 3385 est
435 3318 554 3396 Quibus
586 3319 725 3385 numeris
761 3328 872 3400 aperto
908 3318 971 3385 illis
1003 3316 1136 3384 artificio
1167 3317 1303 3384 inventis
1336 3319 1430 3386 nulla

329 3428 455 3494 omnino
487 3426 564 3496 fides
597 3432 653 3494 est
712 3427 817 3494 Ceteri
853 3434 959 3493 antem
991 3445 1099 3494 omnes
1135 3431 1263 3508 praeter
1294 3425 1429 3493 Oretum

330 3555 497 3604 nnmerum
512 3563 516 3569 ·
529 3536 712 3604 maximum
725 3541 782 3601 aut
807 3536 946 3619 corrupti
968 3539 1044 3602 sunt
1065 3535 1248 3602 autminus
1278 3541 1431 3604 accurate

329 3646 439 3728 scripti
451 3647 488 3728 ⁸).

431 3823 457 3895 1)
478 3823 509 3878 F.
521 3821 557 3878 11.
576 3821 608 3880 G.
626 3822 666 3878 111
684 3841 712 3895 p.
721 3824 783 3879 610.

430 3920 459 3989 2)
480 3917 601 3984 schefer,
618 3917 652 3973 de
670 3919 783 3990 ephoris
802 3921 854 3975 ete.

429 4017 457 4085 3)
478 4014 603 4071 Tradunt
620 4019 713 4070 autem
730 4031 875 4072 nnmerum
892 4031 1029 4072 annornm

1115 4111 1190 4167 vitae
1297 4111 1389 4167 comni
1509 4151 1510 4160 i

332 4207 516 4279 Xenophanes
533 4207 718 4279 Colophonius
742 4248 749 4263 .
777 4247 784 4262 .
813 4248 820 4262 .
849 4247 855 4262 .
883 4202 996 4262 ᾸἫ
1023 4246 1031 4262 .
1126 4208 1179 4263 154

332 4304 527 4375 0111011111.
546 4305 748 4375 Diogllll).
777 4345 783 4358 .
812 4344 819 4357 .
848 4344 854 4358 .
882 4345 888 4358 .
918 4345 924 4358 .
953 4343 960 4358 .
988 4343 994 4357 .
1022 4343 1029 4357 .
1124 4305 1176 4359 299

329 4401 455 4458 Eudonia
489 4439 1025 4457 ................
1048 4401 1228 4472 nectendas,
