3032 5086
760 527 763 532 Δ
852 485 887 540 46

323 657 519 738 conjecturas
541 659 683 722 nostrum
704 673 767 720 non
789 659 839 721 est
860 654 1001 722 refutare
1022 653 1078 722 sed
1097 655 1135 720 iis
1158 655 1213 736 qui
1233 672 1289 721 eas
1309 670 1415 736 propo-

321 768 462 843 suerunt,
484 770 580 830 antea
600 762 851 845 comprobandae
874 769 958 830 sunt.

420 875 449 952 ἓ.
473 877 502 939 8.
546 873 597 938 De
619 872 869 938 divinatione
891 871 1086 953 Epimenidis
1108 864 1170 936 iam
1194 869 1417 952 antiquissimis

321 981 516 1064 temporibus
538 980 711 1047 sententiae
732 980 876 1046 diversae
897 979 1091 1046 ferebantur.
1130 978 1214 1046 Nem
1236 998 1308 1048 cnm
1329 979 1418 1062 pleri·

322 1109 384 1171 que
404 1091 578 1168 crederent,
605 1089 749 1157 homines
776 1089 945 1156 nonnullos
967 1088 1074 1155 lurore
1095 1090 1232 1172 quodam
1257 1086 1420 1176 instinctos

322 1217 374 1264 res
397 1197 523 1264 futuras
545 1186 724 1279 prospicere
747 1215 849 1281 posse,
882 1203 990 1263 tamen
1022 1197 1109 1264 haud
1141 1198 1234 1278 pauci
1258 1215 1298 1262 ex
1319 1197 1419 1262 erudi-

320 1302 463 1386 tioribus,
487 1306 629 1386 inprimis
643 1307 791 1386 historici,
816 1305 847 1370 id
870 1306 1029 1388 negabant
1051 1305 1121 1372 lieri
1135 1323 1228 1387 posse
1246 1305 1281 1387 ¹).
1314 1307 1417 1384 Atque

323 1416 419 1482 etiam
444 1417 498 1496 qui
528 1415 559 1479 ld
581 1416 708 1480 omniuo
730 1400 803 1480 ‘fieri
831 1432 923 1496 posse
943 1413 1112 1496 profitetur
1137 1415 1317 1480 Pausanias
1339 1414 1372 1480 X
1393 1415 1418 1492 2,

325 1526 374 1603 11,
397 1529 486 1588 vates
507 1522 798 1602 antiquissimorum
818 1528 944 1589 tantum
960 1528 1140 1606 temporum
1163 1528 1338 1603 enumerat,
1362 1538 1419 1602 quo

324 1634 356 1698 in
377 1649 509 1696 mimero
527 1631 617 1698 deest
635 1631 846 1713 Epimenides.
877 1631 1067 1698 Aristoteles
1082 1631 1209 1711 quidem
1227 1629 1307 1713 περὶ
1328 1633 1416 1716 ῥητο-

324 1741 414 1825 ρικῆς
435 1739 483 1804 Ill
508 1743 556 1817 17,
582 1743 620 1804 10
642 1744 786 1807 nostrum
809 1744 842 1805 et
864 1740 943 1806 alios
966 1746 1056 1806 vates
1079 1739 1199 1807 conlert
1220 1757 1293 1805 eum
1315 1738 1419 1803 iudici-

325 1849 394 1929 bus,
417 1849 471 1928 qui
491 1850 531 1915 de
548 1847 642 1914 rebus
657 1845 805 1929 perlectis
826 1849 966 1915 iudicent
986 1847 1188 1928 alfirmatque
1209 1849 1279 1914 elus
1294 1846 1420 1914 oracula

326 1956 440 2022 adres
468 1955 578 2034 lactas,
608 1973 671 2021 non
704 1956 744 2021 ad
772 1974 823 2020 res
852 1956 978 2022 suturas
1006 1957 1203 2038 pertinuisse,
1225 1956 1338 2022 eodem
1359 1953 1420 2019 iere

326 2065 437 2130 iudicio
473 2065 557 2146 quod
594 2065 634 2140 de
665 2065 794 2130 oraculo
826 2064 993 2148 Delphico,
1022 2064 1174 2146 quamdiu
1206 2065 1420 2146 incorruptum

328 2176 408 2250 erat,
430 2171 513 2238 ierre
547 2172 773 2238 consuevimus.
816 2170 969 2237 Similiter
995 2172 1149 2253 Apuleius
1181 2174 1220 2238 de
1254 2175 1363 2254 magia
1383 2173 1416 2234 31

325 2280 485 2362 Orpheum
518 2280 732 2361 Pythagoram
765 2278 917 2346 Ostanem
947 2279 1162 2361 Epimenidem
1195 2281 1362 2346 existimat
1391 2278 1419 2341 in

326 2407 435 2456 eorum
456 2406 587 2455 numero
606 2389 746 2453 virorum
768 2406 846 2468 esse,
867 2389 922 2468 qui
944 2391 1176 2487 providentiam
1198 2389 1247 2454 dei
1271 2387 1419 2472 curiosius

326 2499 482 2577 vestigent
514 2500 548 2563 et
570 2497 740 2579 impensius
769 2498 844 2562 deos
875 2497 1041 2564 celebrent.
1086 2498 1190 2581 Vulgo
1220 2499 1348 2579 quidem
1371 2511 1419 2562 eos

326 2625 450 2689 magos.
477 2606 633 2672 nominari
663 2608 762 2688 quasi
790 2605 894 2672 iacere
936 2608 1031 2672 etiam
1064 2609 1167 2673 sciant
1199 2625 1282 2690 quae
1323 2608 1419 2674 selant

325 2715 401 2782 fieri.
444 2716 532 2780 Idem
553 2716 585 2779 in
608 2714 740 2780 Floridis
760 2735 792 2798 p.
812 2719 871 2780 130
893 2721 1036 2781 nostrum
1059 2713 1250 2798 fatiloquum
1272 2717 1419 2782 nominat.

326 2823 387 2892 Sed
412 2824 473 2889 iam
498 2823 700 2889 Oasaubonus
723 2825 764 2888 ad
786 2824 892 2891 Laert.
913 2825 1004 2906 Diog.
1025 2826 1041 2890 l
1066 2826 1134 2904 114,
1170 2825 1222 2890 ubi
1245 2827 1309 2892 est:
1341 2818 1419 2910 φασὶ

323 2931 378 2997 καὶ
405 2925 671 3016 γνωστικώτατον
702 2931 871 3018 γεγονέναι,
905 2934 1040 2999 miratur
1072 2935 1127 3013 qui
1160 2933 1218 3000 fiat
1250 2939 1287 2999 ut
1319 2930 1420 3000 omnio

152 3021 154 3028 ⁵
237 3081 244 3092 =
322 3042 471 3122 exempla
495 3041 535 3108 ab
567 3041 708 3123 antiquis
741 3042 943 3123 scriptoribus
976 3042 1097 3108 tradita
1127 3043 1168 3107 ad
1194 3043 1309 3112 lutura,
1327 3040 1419 3124 perti-

324 3154 430 3226 neant,
463 3167 532 3214 oum
557 3150 742 3216 Aristoteles
773 3154 909 3214 testetur
940 3168 1013 3214 enm
1046 3149 1085 3214 de
1118 3149 1277 3231 perlectis.
1296 3153 1417 3216 tantum

326 3256 427 3322 dicere
448 3258 585 3322 solitum.
642 3256 743 3332 Quam
765 3258 803 3321 ob
826 3275 892 3322 rem
915 3275 978 3322 non
1008 3256 1205 3340 negabimus,
1236 3253 1366 3338 praeter
1385 3272 1420 3318 ea

325 3364 460 3444 quaein
487 3354 710 3447 Ἐπιμενιδείῳ
732 3362 867 3448 δέρματι
898 3365 1022 3447 publice
1053 3366 1202 3432 videntur
1234 3365 1274 3430 ab
1298 3364 1419 3447 ephoris

324 3475 487 3538 asservata
506 3489 583 3551 esse,
609 3472 670 3538 alia
692 3472 764 3536 hinc
792 3472 878 3537 illinc
898 3492 917 3536 a
939 3473 1072 3556 privatis
1094 3475 1225 3540 collecta
1247 3469 1422 3555 Epimenidi

325 3579 445 3644 tributa
475 3597 553 3658 esse,
587 3581 641 3646 sed
670 3581 827 3661 publicam
860 3577 1083 3649 auctoritatem
1114 3582 1233 3649 nullam
1262 3582 1419 3648 habuisse.

327 3685 479 3752 Sciebant
510 3688 590 3752 enim
631 3689 693 3754 iam
731 3690 952 3771 Aristophanis
986 3691 1181 3772 temporibus
1214 3685 1421 3769 chresmologi

326 3793 455 3874 quidam
484 3813 631 3876 magnam
663 3797 920 3863 vaticinationum
943 3799 1064 3881 copiam
1098 3800 1252 3882 colligere,
1288 3794 1419 3881 quassi

326 3900 402 3984 quid
435 3906 544 3982 aptum
574 3902 738 3969 videbatur
771 3905 898 3972 miranti
921 3908 1016 3990 vulgo
1047 3907 1305 3989 pronuntiabant.
1348 3907 1419 3970 Eius

328 4120 367 4184 96
400 4120 471 4199 post
501 4136 640 4199 pugnam
671 4118 876 4208 Salaminiam
910 4124 1009 4188 tradit
1047 4123 1220 4190 innotuisse
1257 4126 1415 4190 oraculum

326 4293 524 4305 ...—-—-—.

428 4358 453 4427 l)
470 4325 652 4428 Nigelsbach,
670 4359 815 4414 naohhom.
833 4359 991 4432 Theologia.
1010 4380 1036 4433 p.
1050 4366 1108 4418 175.
