3032 5086
625 392 798 494 ,α’

145 599 233 666 haud
251 599 314 666 scio
336 617 377 664 an
400 602 475 666 ante
495 597 626 665 verbum
644 593 753 664 αἰτίαν
773 597 926 665 exciderit
945 597 1077 665 verbum
1098 597 1242 682 Πυθίαν,

143 709 190 774 ita
215 713 251 774 ut
274 709 427 790 scriptum
458 725 527 774 esse
557 707 674 789 possit:
711 701 744 771 οὶ
764 707 810 787 δέ,
831 701 890 793 τὴν
913 705 1049 772 Πυθίαν
1070 702 1176 771 αἰτίαν
1198 702 1243 772 εἰ·

143 819 223 880 πεῖν
243 817 303 880 τοῦ
326 813 441 898 λοιμοῦ
461 813 499 881 τὸ
511 809 698 900 Κυλώνειον
719 804 812 900 ἄγος,
836 814 1003 900 σημαίνειν
1013 838 1049 880 aa
1063 809 1122 900 τὴν
1135 805 1242 878 ἀπαλ-

141 918 253 1009 λαγήν.
287 924 687 1007 ItaqueilliLaertiiDicg.
700 927 846 989 auctores
867 925 1008 1003 tradunt,
1031 923 1242 990 Athenienses

137 1033 323 1115 pestilentia
335 1037 466 1099 vexatos
477 1033 657 1114 Apollinem
669 1033 855 1116 Delphicum
877 1033 999 1116 adiisse,
1021 1033 1110 1098 illum
1134 1038 1241 1098 autern

138 1143 286 1208 morbum
300 1142 439 1222 'poenam
459 1160 529 1209 esse
542 1142 699 1209 dicentem
714 1141 818 1209 caedis
834 1140 982 1225 Oploniae
1003 1141 1140 1207 nondum
1162 1143 1255 1208 satis

140 1251 297 1332 expiatae,
321 1250 402 1316 illud
421 1249 489 1315 fieri
510 1233 648 1318 iussisse.
686 1251 756 1329 Qua
765 1251 798 1317 in
809 1268 845 1316 re
855 1251 958 1316 minus
978 1255 1110 1316 acurate
1132 1249 1242 1318 scribit

139 1358 332 1426 Plutarchus
355 1378 426 1426 cum
442 1358 517 1425 dicit
537 1359 644 1441 ipsum
666 1361 769 1426 scelus
787 1377 917 1427 causam
931 1358 1038 1440 fuisse,
1062 1359 1147 1440 quod
1159 1359 1241 1426 idem

138 1465 263 1534 faciunt
293 1467 479 1534 Ammianus
512 1467 716 1534 Marcellinus
740 1467 926 1553 ¹XliVllld
955 1472 988 1534 et
1016 1467 1038 1532 ii
1066 1485 1146 1549 quos
1176 1469 1240 1534 iam

139 1576 300 1642 nominavi
321 1576 434 1644 Suidas
456 1580 488 1641 et
511 1575 628 1642 Cicero.
670 1575 750 1643 (ium
780 1577 907 1642 Laertio
936 1576 1028 1659 Diog.
1059 1594 1141 1642 unus
1168 1594 1240 1642 con·

143 1683 242 1750 sentit
252 1685 411 1752 Maximus
423 1685 536 1767 Tyrius
551 1687 625 1752 diss.
636 1685 805 1752 XXXVIII
816 1688 848 1768 ¹),
871 1687 926 1766 qui
937 1687 1011 1752 dicit
1024 1683 1240 1769 Epimenidem

137 1791 284 1858 Athenas
311 1797 402 1874 peste
433 1795 465 1856 et
493 1792 649 1858 discordia
673 1793 855 1862 laborantes
886 1791 1046 1861 sacrificiis
1079 1792 1145 1858 suis
1175 1809 1238 1858 ser·

137 1899 273 1966 vavisse.
426 1982 429 1988 1
709 1957 711 1963 .

242 2008 394 2074 Diversae
422 2012 528 2074 autem
554 2011 644 2098 sunt.
658 2005 776 2073 laertii
798 2005 889 2088 Diog.
921 2009 954 2071 et
981 2004 1145 2071 Plutarchi
1170 2023 1240 2072 sen·

139 2114 270 2196 tentiae,
294 2116 377 2197 quod
400 2114 449 2180 bic
470 2120 582 2181 narrat
602 2113 719 2180 Nisaea
741 2120 774 2180 et
795 2113 953 2180 Salamine
971 2112 1239 2193 aMegarensibus

136 2223 241 2304 captis
261 2227 406 2289 nastrum
428 2225 622 2290 auctoritate
651 2228 760 2289 vatum
792 2221 1032 2288 Atheniensium
1053 2221 1238 2305 arcessitum

137 2349 228 2414 esse,
251 2331 305 2396 ille
332 2332 460 2398 consilio
482 2319 638 2414 Apollinis
658 2330 804 2411 Delphici
837 2329 868 2393 id
895 2328 1016 2394 laetum
1039 2346 1107 2395 esse
1129 2327 1238 2395 tradit.

136 2439 202 2505 Sed
225 2438 372 2522 Pythiam
399 2439 479 2504 'illud
507 2440 636 2506 iussisse
668 2440 734 2505 veri
756 2441 818 2503 non
840 2438 991 2503 dissimile
1019 2441 1077 2515 est,
1108 2454 1178 2502 cum
1201 2454 1237 2502 eo

135 2553 281 2631 tempore
303 2546 488 2630 dignitatem
511 2547 597 2614 illius
619 2546 748 2625 oraculi,
775 2545 858 2627 quod
886 2547 952 2628 ipse
974 2545 1072 2628 Gylon
1092 2545 1237 2610 consulu·

136 2660 224 2736 erat,
256 2655 388 2720 Athenis
409 2656 607 2736 potissimum
627 2659 753 2720 auctam
775 2672 845 2720 esse
868 2654 940 2720 inde
969 2653 1120 2734 sciamus,
1152 2652 1237 2732 quod

134 2764 239 2846 primo
264 2762 345 2829 bello
373 2781 462 2832 sacro
490 2761 612 2828 Solonis
631 2767 775 2845 tempore
800 2754 1009 2828 Athenienses
1037 2765 1146 2827 contra
1173 2759 1239 2827 Οἰτ-

134 2871 230 2937 rbam
252 2871 433 2954 etGrissam
448 2875 683 2953 pugnaverunt.
712 2867 857 2956 Eo'sdem,
882 2867 1237 2964 cumpestilentiapre-

136 2985 315 3063 merentur,
348 2987 594 3047 consentaneum
626 2984 675 3066 est
702 2998 774 3044 eum
798 2979 893 3044 deum
914 2977 1122 3059 consuluisse,
1143 2995 1236 3059 quern

134 3089 234 3156 etiam
256 3089 552 3170 perniciosissimum
575 3088 720 3154 morbum
742 3087 775 3151 in
789 3085 1148 3168 belloPeloponnesiaeo
1168 3083 1235 3150 fini·

138 3197 224 3262 visse
245 3196 492 3279 crediderunti).
535 3196 680 3278 Augetur
700 3195 821 3260 Laertii
843 3193 933 3276 Diog.
954 3195 1015 3260 hac
1039 3193 1071 3259 in
1094 3211 1128 3258 re
1147 3192 1235 3274 fides,

134 3304 222 3388 quod
245 3303 370 3370 Oretem
391 3309 535 3370 nastrum
559 3322 628 3370 esse
649 3303 778 3370 scimus:
810 3306 936 3370 constat
967 3302 1048 3368 euim
1071 3301 1235 3368 oraculum

137 3411 329 3492 Delphicum
340 3416 532 3496 pergentem
549 3410 775 3480 sacerdotalem
787 3415 854 3478 tam
871 3415 940 3476 arte
952 3410 1147 3492 aliquamdiu
1164 3428 1236 3476 cum

43 3580 49 3591 .
134 3520 233 3588 Greta
258 3519 363 3587 insula
390 3519 590 3610 coniunctum
611 3519 724 3601 fuisse,
747 3522 785 3585 ut
808 3517 923 3602 bynna
944 3519 1105 3584 notissimo
1126 3515 1235 3583 Cretes

134 3628 219 3696 sacri
238 3627 323 3694 illius
345 3635 491 3696 auctores
512 3629 762 3708 laudarenturi).
819 3646 821 3650 ·

239 3903 266 3974 1)
283 3903 374 3992 litha
384 3902 485 3959 Rsislre
494 3922 521 3974 p.
534 3903 594 3972 149,
605 3906 648 3962 48.
667 3901 788 3960 Diibner.
805 3897 887 3958 πόλιν
898 3903 1071 3984 κακουμένην
1083 3901 1171 3974 λοιμῷ
1188 3904 1239 3955 καὶ

134 4014 238 4054 Madet.
1109 4013 1113 4020 '

104 4163 116 4172 .
242 4094 269 4165 2)
286 4093 439 4149 Pausanias
457 4094 510 4162 13,
525 4097 549 4149 4.
622 4053 625 4059 Ι

235 4190 263 4260 3)
281 4186 447 4256 Βαίιὸαιααη,
465 4191 501 4245 de
518 4191 647 4261 Apolline
664 4189 780 4247 custode
797 4190 979 4286 Athenarum.
997 4186 1233 4261 Gryphiewaldiae

135 4288 213 4344 1856.
231 4303 259 4356 p.
270 4288 303 4342 31
315 4304 356 4356 sq.
