3032 5086
644 537 677 594 lo

117 707 164 774 ab
183 709 223 774 iis
246 706 300 789 qui
321 710 392 789 tum
406 712 499 774 erant
511 706 689 774 hominibus
711 707 839 772 inventa
854 711 913 787 est,
932 707 1017 790 quod
1028 710 1097 772 tarn
1112 705 1220 790 singu·

37 798 42 811 ’
113 817 221 884 larem
239 816 343 880 virum
365 833 427 880 non
446 816 604 896 putabant
625 834 665 882 ex
687 814 827 882 humana
843 819 944 882 matre
958 817 1151 897 prognatum
1165 815 1220 882 sed

113 927 181 992 dea
208 929 313 990 ortum
341 941 424 1004 esse,
459 928 556 990 aute
582 924 791 1004 posteriorum
824 931 1002 1004 temporum
1017 989 1022 998 ,
1037 920 1219 990 auctoribus

112 1034 300 1116 excogitata
321 1035 380 1115 est,
401 1031 456 1116 qui
477 1032 573 1098 etiam
596 1031 675 1100 alias
698 1031 726 1097 ei
747 1027 967 1100 commercium
986 1049 1056 1098 cum
1071 1031 1219 1120 nymphis

111 1143 216 1208 fuisse
236 1146 378 1208 narrant.
939 1192 944 1204 .

218 1249 268 1314 De
281 1265 422 1330 genere
442 1266 515 1314 cum
530 1246 608 1313 nihii
630 1247 784 1314 traditum
806 1249 848 1314 sit
868 1247 1050 1329 putabimus
1071 1265 1143 1314 eum
1164 1251 1221 1316 aut

116 1358 308 1426 Doriensem
319 1360 377 1424 aut
387 1357 585 1425 Eteocretem
599 1355 706 1424 tuisse.
729 1355 795 1423 Nec
809 1357 890 1422 enim
898 1359 1027 1423 nostrae
1046 1356 1221 1424 sententiae

113 1458 314 1536 contrarium
329 1466 475 1547 estquod
488 1465 707 1532 Sehiimannus
721 1464 751 1530 1⁸
768 1469 826 1530 321
841 1483 886 1548 sq.
899 1465 1041 1532 dominos
1052 1464 1221 1534 Dorienses

114 1577 198 1642 dicit
205 1573 290 1666 helio
306 1578 431 1640 tanturn
445 1592 483 1640 ac
494 1573 685 1656 reipublicae
696 1573 964 1642 administrandae
978 1573 1101 1642 deditos
1115 1572 1222 1655 fuisse,

116 1684 275 1767 neglectis
299 1683 442 1748 omnibus
456 1683 527 1750 aliis
547 1683 660 1750 rebus..
686 1683 748 1749 Illa
761 1683 909 1750 libertate
925 1687 1079 1764 quantum
1093 1682 1222 1763 gloriati

114 1795 186 1860 sint
207 1791 260 1858 isti
290 1790 358 1871 viri,
380 1790 521 1874 Hybriae
546 1791 665 1858 scolion
688 1791 728 1856 ab
749 1790 915 1858 Athenaeo
935 1791 993 1856 XV
1006 1794 1047 1855 20
1067 1791 1223 1858 traditum

117 1902 338 1978 demonstrat,
368 1897 423 1964 sed
444 1899 522 1964 nihii
546 1898 631 1964 aliud
657 1898 729 1963 inde
752 1901 895 1981 apparet,
916 1916 1013 1981 quam
1037 1917 1150 1982 agrum
1170 1917 1222 1967 co·

118 2010 252 2076 lendum
264 2007 406 2089 aliosque
416 2007 540 2075 labores
551 2007 698 2074 manibus
713 2008 903 2075 exercendos
915 2006 1064 2074 subiectis
1075 2005 1222 2088 gentibus

115 2118 275 2186 committi
303 2117 413 2185 solitos
434 2135 513 2184 esse.
550 2116 734 2182 Doctrinam
753 2120 787 2182 et
810 2119 895 2183 artes
909 2134 929 2181 a
942 2114 1099 2182 nobilibus
1120 2115 1221 2197 magis

115 2231 320 2308 contemptas
342 2243 411 2292 esse
432 2243 561 2310 quama
573 2225 701 2308 populis
717 2224 864 2291 subiectis
887 2241 950 2290 non
972 2221 1127 2304 audimus,
1151 2241 1222 2289 oum

119 2334 312 2419 praesertim
326 2333 487 2411 Thaletas,
512 2349 604 2413 quem
627 2351 726 2398 unum
748 2338 876 2414 poetam
898 2330 1078 2400 Cretensem
1099 2330 1223 2396 illorum

123 2450 305 2525 temporum
329 2442 481 2521 novimus,
503 2439 664 2506 Doriensis
686 2440 792 2506 fuerit.
836 2441 942 2521 Atque
968 2458 1031 2524 ego
1057 2439 1162 2506 nescio
1183 2457 1223 2532 an

121 2553 253 2618 omnino
272 2570 336 2617 non
357 2548 517 2616 refutandi
538 2549 654 2628 sintii,
679 2549 733 2632 qui
754 2549 904 2616 dixerunt
924 2550 1144 2631 Epimenidem
1169 2568 1224 2633 pe·

124 2661 265 2731 rioecum
289 2657 396 2738 fuisse,
419 2660 494 2739 quia
513 2677 594 2741 puer
611 2677 630 2725 a
650 2664 743 2742 patre
762 2659 830 2725 ovis
851 2659 1051 2740 quaerendae
1073 2676 1169 2724 causa
1191 2660 1224 2725 in

123 2786 240 2852 agrurn
263 2767 380 2840 missus
401 2768 453 2834 sit.
486 2754 618 2834 Constat
640 2769 723 2833 enim
745 2786 798 2840 eos
821 2786 841 2833 a
862 2785 935 2834 voro
957 2767 1050 2850 longe
1065 2767 1233 2846 oberrare,¹

120 2879 180 2962 qui
200 2867 340 2960 singulas
360 2894 411 2943 res
429 2893 469 2944 ex
486 2875 618 2944 historia
638 2859 783 2944 fabulosa
797 2881 835 2942 ut
855 2894 947 2943 veras
962 2877 1131 2944 desumant
1145 2875 1224 2944 alias

118 2986 240 3054 fabulis
261 2987 481 3074 adnumerent.

226 3096 292 3162 Nec
318 3093 586 3160 verniliterorum
613 3093 726 3160 studiis
748 3098 781 3158 et
802 3093 946 3174 magistri
967 3094 1147 3175 praeceptis
1169 3094 1225 3161 sed

124 3209 245 3270 natura
269 3207 302 3270 et
322 3202 427 3268 indole
447 3205 592 3268 nostrum
614 3204 654 3268 ad
676 3221 746 3270 eam
767 3220 864 3285 quarn
885 3200 1020 3268 laudant
1039 3200 1227 3282 dignitatem

128 3314 262 3380 auctum
277 3329 354 3392 essa,
379 3314 506 3393 praeter
517 3309 732 3393 Pythagoreos
743 3309 782 3375 de
794 3309 909 3392 quibus
923 3307 1011 3374 initio
1022 3308 1098 3390 dixi,
1119 3327 1227 3378 omnes

122 3420 312 3495 concedunt.
349 3419 507 3486 Maximus
529 3419 645 3504 Tyrius
664 3419 792 3485 demum
815 3419 844 3498 (Ι
859 3423 919 3484 285
932 3419 1007 3485 etii
1023 3422 1083 3484 222
1099 3419 1227 3501 Reiske)

47 3550 49 3555 ·
127 3529 347 3609 Epimenidem
368 3527 445 3595 facit
467 3534 667 3612 narrantem,
700 3545 735 3594 se
759 3533 904 3610 tempore
925 3527 1026 3594 somni
1048 3525 1132 3594 illius
1159 3525 1227 3593 diu·

123 3637 234 3713 turni,
261 3637 301 3702 de
322 3653 385 3718 quo
405 3641 515 3718 postea
537 3636 692 3718 dicamus,
724 3637 800 3702 deos
826 3634 1010 3703 convenisse
1032 3638 1066 3702 et
1097 3636 1227 3704 deorum

126 3745 235 3813 Verba
246 3731 356 3828 (θεοῖς
366 3741 421 3809 καὶ
434 3747 527 3811 θεῶν
538 3740 659 3830 λόγοις)
672 3749 705 3810 et
714 3745 889 3810 Veritatem
901 3743 1002 3827 ipsam
1016 3750 1050 3811 et
1059 3745 1227 3812 Iustitiam.

230 3851 329 3919 Porro
341 3872 434 3936 quem
446 3853 650 3924 looumssreta
662 3856 693 3920 in
706 3855 810 3921 insula
820 3853 969 3922 habuerit
982 3859 1014 3919 et
1024 3873 1087 3937 quo
1098 3873 1229 3920 munere

128 3960 259 4029 functus
277 3965 319 4029 sit
336 3965 444 4032 eseris
467 3965 657 4031 testimoniis
677 3964 785 4051 magis
801 3964 900 4031 conici
921 3966 1036 4046 potest,
1057 3966 1228 4047 quamtra·

126 4069 222 4136 ditur.
265 4072 408 4138 Primum
430 4072 513 4139 enim
536 4073 645 4140 fabula
667 4073 721 4144 illa
751 4073 944 4155 Theopompi
966 4088 1048 4152 quae
1075 4077 1123 4138 est
1145 4072 1230 4154 apud

125 4179 235 4246 Laert.
256 4179 374 4262 Diog.l
396 4186 455 4248 115
476 4179 642 4266 significet,
673 4183 780 4249 Iovem
802 4182 842 4247 ab
864 4199 901 4244 eo
922 4181 1042 4246 cultum
1067 4197 1144 4262 esse,
1166 4198 1230 4263 qua

127 4290 287 4370 narratur,
304 4305 376 4355 cum
389 4288 535 4370 nymphis
547 4287 656 4355 fanum
667 4293 833 4355 exstruere
846 4285 952 4370 uellet,
967 4301 1077 4352 vocem
1088 4286 1128 4352 de
1142 4286 1230 4354 caelo

126 4397 271 4464 auditam
293 4415 363 4466 esse
382 4397 533 4480 iubentis,
562 4397 596 4464 id
615 4416 679 4466 non
705 4397 854 4480 nymphis
873 4395 927 4462 sed
948 4395 1018 4463 Iovi
1041 4396 1226 4464 consecrari.
