3032 5086
564 525 675 582 '43

106 702 178 763 tam
204 699 372 765 crudeliter
401 701 434 764 in
460 704 604 766 nostrum
630 702 794 767 consulere
824 702 1010 782 potuissent,
1033 699 1209 766 narrabant

106 825 183 872 eum
211 806 292 873 bello
323 812 432 879 contra
465 807 593 875 Onosios
621 816 712 890 gesto
744 815 871 891 captum
902 829 984 886 esse,
1014 808 1207 894 quamquam

105 933 202 980 nemo
227 933 366 994 unquam
386 915 424 980 de
449 917 502 981 illo
523 918 691 997 quicquam
716 919 900 982 tradiderat.
934 916 1039 982 Etiam
1049 915 1206 982 ‘Lacedae-

105 1023 203 1087 monii
213 1023 236 1102 ¹)
258 1023 416 1102 negabant
437 1023 559 1089 hostem
588 1026 628 1091 ad
657 1043 692 1090 se
721 1025 843 1090 venisse
865 1043 950 1100 eum,
987 1025 1041 1105 qni
1074 1023 1208 1105 Spartae

105 1128 263 1210 templum
285 1130 369 1198 Iovis
391 1137 424 1198 et
446 1133 577 1201 Veneris
598 1133 796 1200 condidisset.

209 1240 272 1305 Alii
294 1244 401 1306 autem
424 1246 529 1308 cutam
552 1239 746 1322 Epimenidis
775 1259 811 1306 eo
840 1241 932 1306 modo
956 1241 1104 1324 Spartam
1127 1242 1208 1305 alla·
1225 1311 1229 1318 p

105 1351 175 1413 tam
198 1366 268 1415 esse
290 1348 445 1429 dicebant,
470 1355 506 1416 ut
525 1350 625 1416 multo
649 1352 869 1431 postmortem
887 1351 954 1416 eius
974 1350 1101 1415 inventa
1123 1353 1209 1415 esset
1236 1385 1238 1388 ·

104 1455 224 1522 litteris
247 1457 407 1538 inscripta.
453 1457 574 1538 corpus
595 1453 662 1524 eiu's
684 1457 819 1539 Spartae
841 1459 997 1525 asservari
1019 1457 1208 1522 ex'oraculo
1326 1502 1330 1508 -

105 1564 242 1631 tradidit
256 1567 352 1632 etiam
365 1565 507 1634 Sosibius
519 1569 602 1633 Laco
611 1570 646 1647 2),
671 1587 708 1634 11
720 1568 785 1632 veri
800 1567 994 1635 simillimum
1005 1569 1208 1634 estnostrum

105 1673 244 1755 Spartae
270 1679 430 1742 mortuum
458 1695 541 1757 esse,
570 1678 714 1757 quamvis
743 1677 850 1743 Laert.
880 1676 969 1756 Diog.
997 1676 1089 1740 1111
1123 1693 1208 1739 com-

105 1789 263 1849 memoret
295 1801 368 1848 eum
403 1789 563 1849 mortuum
597 1803 667 1852 esse
694 1785 792 1866 paulo
819 1790 906 1867 post,
944 1801 1039 1864 quam
1075 1782 1208 1848 Athenis

107 1891 238 1956 domum
260 1893 436 1959 reverterit.
479 1893 564 1958 Bode
586 1894 606 1958 l.
629 1912 654 1957 c.
678 1911 708 1973 p.
730 1895 792 1958 468
822 1894 1019 1974 suspicatur,
1051 1892 1209 1958 Lacedae·

106 2000 230 2066 monios
246 2018 372 2066 carmen
385 2001 578 2094 Epimenidis
590 2001 747 2082 habuisse,
759 2021 821 2083 quo
843 2003 881 2067 de
895 2003 1047 2084 ipsorum,
1063 2001 1207 2079 Oretum,

106 2108 299 2190 Argivorum
328 2111 423 2176 rebus
454 2111 650 2191 praedictum
671 2129 741 2177 esse
771 2115 863 2193 putat
887 2112 1011 2176 atinde
1033 2116 1210 2176 ortasesse

106 2217 290 2284 inimicitias
317 2224 350 2282 et
381 2219 554 2286 calumnias
582 2220 781 2300 Argivorum.
816 2219 1062 2286 vaticinationes
1083 2218 1209 2299 quidem

107 2325 139 2389 in
160 2325 217 2390 illa
238 2325 322 2407 pelle
343 2325 605 2404 fuisseconcedo,
627 2345 698 2392 cum
721 2333 852 2394 narrent
862 2327 1077 2410 Epimenidem
1089 2327 1208 2391 cladem
1273 2321 1275 2326 ’

109 2433 371 2500 Lacedaemoniis
396 2435 591 2514 praedixisse
599 2437 632 2514 ⁸).
666 2435 728 2500 Sed
749 2454 820 2500 cum
843 2436 881 2502 de
902 2437 970 2502 eius
989 2434 1209 2522 χρησμολογίᾳ

111 2541 175 2607 alia
197 2539 294 2608 etiam
309 2543 442 2624 vestigia
457 2543 665 2627 inveniantur,
688 2545 780 2610 credo
795 2545 921 2626 singula
943 2545 1080 2627 oracula,
1103 2545 1208 2625 qualia

89 2648 251 2734 ’χρησμοί
272 2656 433 2727 vocantur,
458 2650 526 2718 eius
536 2652 662 2717 nomine
673 2653 824 2736 inscripta
836 2653 971 2736 Spartae
986 2652 1091 2719 luisse.
1112 2653 1210 2718 Varia

111 2759 195 2824 enim
218 2759 347 2824 oracula
369 2779 388 2826 a
409 2759 538 2826 Graecis
565 2761 694 2826 collecta
721 2765 754 2825 et
777 2761 809 2825 in
833 2779 946 2843 corpus
969 2761 1058 2841 quasi
1079 2761 1210 2826 redacta

110 2885 180 2934 esse
205 2869 359 2948 scimus⁴)‚
386 2887 455 2934 cum
480 2865 1212 2952 oraculanelpbicaaPythiistacedaernonio-·

108 2994 180 3041 rum
204 2983 237 3044 et
258 2977 298 3043 ab
320 2979 447 3060 Argivis
472 2979 628 3045 asservari
658 2977 810 3044 traditum
840 2981 895 3058 sit,
930 2984 968 3044 et
989 2971 1223 3044 Pisistratidas·

108 3103 257 3168 magnam
278 3087 478 3152 oraculorum
501 3087 622 3167 copiam
633 3085 766 3152 Athenis
786 3087 980 3166 reliquerint.
1023 3086 1090 3150 Nec
1106 3086 1209 3152 solum

111 3193 243 3258 deorum
256 3193 349 3271 dicta,
372 3192 427 3260 sed
449 3193 546 3258 etiam
566 3213 674 3260 eorum
696 3195 868 3273 bominum,
891 3211 970 3274 quos
983 3194 1085 3258 divino
1098 3194 1211 3276 spiritu

109 3301 256 3368 incitatos
295 3321 366 3368 esse
399 3302 571 3369 credebant
606 3322 723 3386 magna
760 3303 844 3386 apud
875 3305 1039 3369 universas
1067 3303 1210 3369 civitates

109 3410 140 3474 in
166 3410 357 3476 auctoritate
379 3417 480 3476 erant.
542 3411 666 3478 Scimus
691 3407 818 3492 quidem
840 3411 1042 3495 Sibyllarum,
1074 3411 1235 3494 Bacidis.

108 3517 232 3584 Musaei
251 3518 388 3583 aliorum
413 3519 509 3583 verba
526 3518 650 3599 publice
672 3521 830 3586 custodita
853 3537 922 3586 esse
945 3519 1209 3601 tantareligione,
1287 3527 1289 3530 ’

108 3629 144 3688 ut
165 3623 220 3704 qui
242 3626 274 3688 in
299 3625 423 3690 Musaei
446 3627 573 3691 oracula
594 3627 712 3708 aliquid
735 3626 774 3690 de
797 3645 854 3693 suo
877 3625 1023 3692 intulisse
1047 3624 1210 3690 dicebatur

114 3731 335 3816 Onomacritus
357 3732 439 3798 hanc
466 3735 505 3800 ob
531 3753 598 3799 rem
623 3736 753 3801 Athenis
781 3734 1001 3817 expelleretur.
1052 3732 1210 3798 Occultari
1258 3819 1259 3822 Ἴ

111 3845 217 3908 numm
239 3841 431 3924 Epimenidis
453 3841 556 3927 δέρμα
576 3849 635 3928 aut
667 3847 766 3912 totius
797 3845 933 3912 civitatis
967 3845 1119 3908 intererat
1153 3847 1210 3908 aut

212 4092 240 4162 1)
258 4091 448 4158 Paua11112,
469 4091 512 4148 11.

208 4187 237 4257 2)
255 4187 349 4242 Lacrt.
368 4187 449 4258 Diog.
469 4188 551 4242 1115;

207 4282 234 4352 3)
251 4281 334 4336 Paus.
345 4281 373 4334 ΙΙ
384 4284 427 4350 21,
447 4285 473 4337 3.
489 4283 582 4337 Laert.
601 4281 682 4352 Diog.
702 4283 784 4336 1114.

208 4379 237 4448 4)
256 4378 413 4434 Schiimann
430 4378 457 4433 11
470 4381 522 4434 303
535 4397 576 4448 sq.
