3032 5086
663 501 698 554 41

123 671 268 740 Abeunti
289 679 396 741 autern
417 675 550 741 trudunt
571 675 677 742 laert.
697 674 789 757 Diog.
812 675 898 739 Illl
912 679 946 740 et
967 673 1106 740 Eudocia
1128 692 1158 755 p.
1175 673 1253 737 150·

130 783 175 848 ab
198 783 443 850 Atheniensibus
469 783 623 849 talentum
654 790 687 848 et
714 801 824 848 narem
851 800 914 862 qua
936 783 1104 848 veheretur
1125 784 1234 848 oblata

126 908 222 972 esse,
255 892 344 956 illurn
372 893 455 958 dona
485 891 541 956 sibi
563 871 685 956 tribute
708 894 930 971 aspernantem
951 889 1086 955 foederis
1118 889 1234 955 civium

130 1017 267 1066 suorum
297 1018 368 1064 cum
381 999 623 1065 Atheniensibus
644 1004 807 1064 auctorem
828 997 931 1064 luisse.
964 997 1052 1075 Quod
1074 999 1101 1064 si
1124 1017 1235 1064 revera

128 1104 254 1173 factum
278 1114 334 1186 est,
358 1109 474 1174 scimus
497 1111 609 1188 postea
629 1125 690 1172 non
713 1107 818 1186 magni
841 1107 990 1172 momenti
1012 1105 1117 1170 luisse.
1159 1105 1233 1169 Plu·

128 1215 263 1280 tarchus
283 1221 392 1281 contra
414 1217 446 1280 in
470 1215 584 1281 Solone
607 1220 639 1282 et
658 1215 691 1281 in
713 1216 890 1298 praeceptis
911 1215 1104 1295 reipublicae
1125 1231 1234 1294 geren-

67 1403 71 1410 μ
124 1323 193 1388 dae
204 1325 252 1401 27,
270 1322 427 1403 claudat,
450 1341 522 1388 eum
544 1342 669 1388 ramum
692 1325 918 1389 tantumoleae
939 1341 1058 1401 sacrae,
1082 1325 1235 1404 quaeest

122 1429 160 1495 in
185 1449 267 1511 arce,
288 1449 395 1498 secum
418 1432 450 1497 in
472 1431 599 1498 Cretam
622 1432 742 1499 tulisse.

231 1538 402 1616 Quaerenti
427 1541 524 1623 igitur
548 1541 637 1622 mihi,
671 1541 746 1622 quid
767 1541 981 1625 Epimenidem
1006 1539 1138 1606 Athenis
1160 1557 1234 1620 per·
1306 1542 1308 1546 ’

123 1647 242 1714 fecisse
262 1653 409 1716 auctores
431 1650 536 1716 minus
559 1649 669 1716 incerti
691 1649 837 1731 tradant,
869 1650 947 1715 nihil
976 1667 1043 1715 esse
1073 1649 1234 1714 concedes

128 1776 192 1823 cur
212 1758 245 1823 in
267 1757 428 1841 republica
451 1758 670 1826 constituenda
691 1776 763 1824 cum
788 1760 882 1841 plura
910 1762 1058 1841 putemus
1085 1756 1235 1838 effecisse,

126 1883 230 1946 quam
251 1868 463 1934 necessarium
487 1874 538 1934 est
559 1885 630 1932 eum
655 1865 769 1952 lacere,
791 1869 878 1932 cuius
900 1867 1100 1934 institutaad
1113 1868 1234 1932 cultum

130 1976 267 2040 deorum
294 1963 463 2056 pertinent.
525 1975 619 2042 Hunc
645 1975 728 2040 enim
759 1980 869 2042 notum
900 1979 948 2040 est
978 1958 1063 2056 apud
1081 1974 1233 2040 'Graecos

126 2081 243 2148 multis
264 2082 357 2148 rebus
379 2101 452 2149 cum
473 2083 635 2163 republica
655 2084 856 2150 coniunctum
877 2082 984 2151 fuisse.
1016 2083 1234 2150 Lustrationes

130 2195 244 2257 autem
266 2191 365 2257 nostri
388 2191 428 2256 ab
450 2192 503 2270 iis,
530 2211 612 2275 quae
643 2197 739 2260 antea
756 2198 789 2258 et
809 2199 921 2275 postea
941 2211 1003 2258 non
1026 2192 1065 2256 ab
1087 2190 1235 2272 Orphicis

129 2298 191 2366 sed
212 2297 251 2362 ab
274 2299 408 2366 aliorum
429 2301 559 2366 deorum
581 2301 797 2366 sacerdotibus
818 2300 936 2366 fiebant
957 2318 1019 2365 non
1041 2301 1177 2365 multum
1188 2301 1236 2365 di·

130 2424 246 2474 versae
267 2411 367 2473 erant.
420 2407 537 2474 Postea
565 2408 690 2474 demum
718 2427 789 2472 cum
816 2410 889 2475 novi
919 2428 1023 2475 mores
1050 2411 1079 2473 in
1102 2409 1247 2504 Graecia·

129 2515 375 2604 divulgarentur
394 2514 515 2582 iactum
538 2520 595 2596 est,
617 2519 654 2582 nt
676 2518 813 2598 primurn
835 2518 1041 2584 lustratorem
1057 2519 1154 2584 talem
1176 2519 1235 2584 sibi

132 2623 270 2704 quisque
290 2623 432 2706 fingeret,
455 2625 558 2707 qualis
579 2626 647 2708 ipse
670 2629 748 2692 erat.

236 2781 263 2864 ᾖ.
278 2787 306 2847 7.
348 2784 462 2864 Itaque
484 2803 554 2849 cum
567 2784 708 2852 Athenas
730 2803 802 2849 eum
820 2771 881 2849 non
904 2784 1095 2866 reipublicae
1118 2783 1236 2849 consti-

132 2890 273 2957 tuendae
300 2911 412 2972 causa,
445 2899 481 2958 ut
507 2895 595 2959 novis
623 2893 736 2961 ritibus
764 2895 913 2976 populum
945 2911 1098 2958 novarum
1129 2910 1235 2958 rerum
1323 2954 1326 2960 .

136 2999 315 3066 studiosum
339 3006 506 3084 coerceret,
541 3002 597 3067 sed
619 3002 778 3082 religionis
811 3020 905 3068 causa
928 3002 1235 3080 audiamusvenisse‚
1300 3047 1302 3053 ι

130 3122 199 3172 non
220 3106 293 3173 licet
315 3108 408 3174 aliter
429 3108 473 3174 d'e
489 3108 873 3190 Lacedaemoniorum
894 3108 1004 3174 rebus
1025 3109 1173 3188 indicare,
1197 3110 1236 3173 de

135 3215 254 3296 quibus
286 3233 445 3296 perpauca
470 3222 599 3282 tantum
627 3219 753 3298 scimus.
803 3219 929 3284 Timeas
944 3217 1041 3284 >enirn
1064 3236 1103 3282 ne
1125 3219 1157 3281 in
1177 3217 1236 3284 hac

136 3323 291 3390 historiae
313 3328 405 3405 parte
426 3336 595 3409 postquam
610 3327 649 3392 ab
663 3325 947 3417 Alexandrinorum
958 3327 1146 3407 scriptorum
1166 3344 1237 3392 con·

131 3431 262 3498 iecturis
285 3431 385 3498 libera
406 3451 507 3513 usque
535 3435 576 3500 ad
598 3433 751 3501 Nitnschii
773 3440 806 3500 et
832 3435 978 3501 Urlichsii
1007 3453 1098 3500 curas
1128 3436 1237 3514 ignota

133 3540 204 3605 fere
225 3541 322 3606 iacuit
333 3541 357 3624 ¹)
381 3543 572 3607 nostratium
591 3555 687 3623 opera
708 3543 965 3608 historicorume
989 3543 1130 3624 parvulis
1152 3542 1236 3622 frag-

140 3648 258 3714 mentis
279 3666 395 3730 magna
424 3651 514 3729 quasi
539 3651 649 3716 tabula
679 3653 877 3730 restituatur,
911 3651 943 3714 in
975 3669 1039 3734 qua
1060 3649 1237 3731 splendoris

133 3755 326 3839 plurimum,
357 3759 424 3824 veri
452 3757 530 3825 fides
559 3778 621 3823 non
650 3759 701 3826 sit.
744 3759 852 3824 Malim
874 3762 981 3826 autent
1002 3764 1129 3825 tenuem
1154 3758 1236 3823 viam

133 3863 194 3932 sed
215 3884 288 3932 earn
310 3871 429 3932 certam
449 3868 582 3950 munire,
606 3887 701 3949 quam
723 3869 897 3950 legentium
912 3869 1032 3935 animos
1051 3867 1236 3932 coniecturis

140 3975 286 4054 quamvis
307 3975 420 4057 lepidis
442 3981 474 4042 et
494 3977 617 4058 argutis
638 3978 806 4057 delectare,
827 3997 866 4048 ne
887 3979 921 4042 in
944 3978 1033 4043 devia
1056 3976 1171 4042 itinera
1182 3993 1236 4042 eos

135 4161 335 4171 ———.—..

240 4276 266 4344 1)
285 4277 401 4332 Praeter
417 4277 468 4332 hos
488 4277 608 4332 maxime
626 4277 662 4333 de
689 4277 733 4332 his
756 4278 841 4333 rebus
860 4280 978 4346 egerunt
995 4275 1133 4339 Duncker,
1152 4274 1231 4330 Stein

137 4369 168 4424 11.
179 4387 220 4426 oc.
237 4370 360 4442 Sohiifcr,
378 4373 413 4428 de
430 4374 542 4444 ephoris
555 4373 837 4430 Lacedaemoniorum
857 4373 1062 4430 commentatio.
1083 4374 1161 4428 1863.
