3032 5086
641 518 677 574 83

110 712 192 756 caco
226 688 262 756 δὲ
283 689 361 775 παρ’
393 681 506 768 αὐτοῖς
532 689 587 762 apt
608 685 626 756 ὁ
648 685 725 768 τούς
747 685 856 776 ἱεροὺς
886 681 1026 774 ἀρότους
1054 691 1214 759 ἐπιτελῶν
1293 735 1297 742 -

110 792 284 885 Βουζύγης.
315 801 377 864 Pro
396 793 418 888 ἢ
438 799 573 883 πρῶτος
589 801 737 866 Musuros
760 801 886 883 scripsit
907 798 925 865 ὁ
949 801 1092 884 πρῶτος.
1130 803 1215 870 Dicit

108 908 222 988 igitur:
258 907 420 990 »Buzyges
454 908 546 974 heros
579 908 704 974 Atticus
734 907 789 990 qui
823 910 945 989 primus
976 909 1071 976 boves
1104 915 1213 976 aratro

106 1015 225 1080 iunxit:
256 1016 480 1082 nominabatur
511 1020 619 1082 autem
651 1015 865 1099 Epimenides.
919 1017 1011 1098 Apud
1044 1035 1123 1097 quos
1143 1018 1214 1102 ¹(sc.

110 1124 328 1205 Athenienses,
351 1142 484 1218 quornm
507 1144 619 1191 nomen
641 1125 852 1208 supplendum
875 1132 1039 1194 estevoce
1050 1119 1213 1210 Ἀττικός)

107 1236 179 1297 crat
199 1232 296 1311 etiam
319 1227 491 1319 Βουζύγης,
514 1235 567 1316 qui
590 1253 698 1301 sacras
723 1236 883 1302 arationes
902 1234 1054 1318 perficito.
1097 1235 1214 1302 Sacrae

107 1342 220 1406 autem
231 1342 401 1422 arationes,
417 1341 530 1423 quibus
542 1343 701 1426 agricolae
713 1349 884 1434 sementem
896 1341 1001 1410 facere
1012 1343 1213 1427 iubebantur,

107 1448 243 1514 Athenis
264 1449 397 1532 singulis
418 1451 511 1516 annis
534 1454 585 1516 ter
607 1469 678 1516 cum
701 1452 898 1518 caerimoniis
920 1450 1048 1518 fiebant
1069 1437 1231 1519 Primam

105 1574 191 1636 quae
202 1562 382 1639 eratprope
393 1575 517 1624 sacrum
531 1559 695 1626 Minervae
709 1559 846 1627 Sciradis
857 1561 897 1626 ad
909 1562 993 1626 viam
1007 1561 1211 1640 Eleusiniam,

105 1665 138 1728 in
174 1667 359 1731 memoriam
382 1667 502 1749 primae
534 1669 651 1750 segetis
684 1663 895 1736 Athenienses
930 1670 1110 1736 institutam
1141 1687 1213 1735 esse

104 1775 270 1841 dicebant:
303 1775 406 1841 altera
436 1780 507 1842 erat
535 1774 567 1840 in
595 1794 672 1857 agro
698 1776 795 1842 Rario
825 1795 923 1859 prope
947 1777 1113 1855 Eleusina,
1142 1795 1212 1843 cum

106 1879 342 1948 Eleusiniorum
355 1883 384 1946 in
407 1881 524 1949 fabulis
540 1888 625 1950 esset
645 1882 786 1950 hocloco
802 1868 1071 1966 terramprimom
1088 1888 1212 1950 aratam

105 2009 196 2058 esse:
225 1990 319 2056 tertia
349 1989 407 2056 sub
437 2007 510 2056 arce
533 1989 631 2057 fiebat
653 2011 673 2056 a
694 1995 790 2074 gente
812 1991 1023 2076 Buzygarum,
1053 2010 1132 2072 quos
1154 1993 1212 2058 Mi·

107 2115 239 2163 nervam
268 2093 418 2163 Πολιάδα
444 2100 547 2166 colere
572 2101 721 2167 docemur
742 2101 821 2168 loco
836 2101 983 2168 Aristidis
993 2101 1027 2183 ¹).
1070 2099 1140 2178 Qua
1160 2118 1211 2167 oc·

106 2207 233 2273 cesione
263 2209 483 2274 execrationes
513 2210 671 2292 Buzygiae
703 2213 814 2276 contra
835 2227 888 2276 eos
909 2210 1208 2292 pronuntiabantur,

106 2318 163 2399 qui
205 2335 328 2382 summa
362 2315 570 2384 humanitatis
605 2322 773 2400 praecepta
808 2319 1013 2401 negligerent.
1066 2316 1213 2386 Proavus

105 2428 216 2492 autem
239 2425 454 2509 Buzygarum,
489 2443 559 2490 cnm
582 2425 716 2492 Athonis
737 2425 881 2493 Minerva
913 2429 981 2509 ipsa
1010 2433 1047 2492 ut
1076 2427 1211 2510 agricul-

107 2538 201 2600 turae
225 2534 285 2599 dea
317 2537 404 2623 culta
431 2535 486 2614 sit,
517 2535 650 2601 eundem
681 2535 784 2600 locum
817 2534 913 2601 habat
938 2552 1029 2615 quern
1061 2535 1211 2603 Eleusine
1265 2561 1269 2585 ·

31 2641 34 2650 ⁴
107 2644 324 2727 Triptolemus
332 2646 367 2728 2).
412 2645 526 2726 ltaque
558 2646 587 2711 ei
619 2646 673 2724 qui
701 2643 823 2726 primus
850 2643 945 2709 boves
977 2648 1084 2710 aratro
1106 2643 1210 2711 iunxit

107 2758 314 2818 nomen-erat
336 2751 524 2834 Epimenidi,
546 2751 577 2816 id
599 2751 682 2835 quod
704 2750 909 2818 confirmatur
929 2750 1127 2832 locoservii,
1152 2752 1206 2832 qui

107 2861 148 2926 ad
170 2861 292 2943 Virgilii
315 2859 428 2941 Georg.
450 2862 537 2941 119,
565 2861 619 2925 ubi
654 2866 704 2927 est
738 2860 890 2941 »uncique
916 2877 996 2942 puer
1017 2863 1211 2926 monstrator

110 2971 242 3051 aratri«,
264 2970 303 3034 de
326 2969 516 3051 Triptolemo
539 2969 669 3053 dictum,
693 2968 840 3034 adnotat:
870 2969 974 3049 »Ergo
997 2967 1096 3033 Osiris
1117 2967 1212 3050 signi-

109 3075 223 3142 ficatur
243 3084 280 3142 ut
302 3077 570 3158 Philostephanus
602 3075 681 3160 περὶ
702 3068 908 3160 εὑρημάτων,
936 3076 988 3142 vel
1008 3076 1208 3157 Epimenides

63 3185 66 3198 '
108 3188 162 3267 qui
184 3191 295 3266 postea
309 3186 450 3268 Buzyges
464 3184 569 3252 dictus
585 3189 634 3250 est
649 3184 820 3250 secundum
832 3184 1068 3259 Aristotelem«.
1102 3183 1209 3249 Etiam

110 3294 309 3372 Aristoteles,
333 3294 422 3361 cuius
444 3294 618 3360 auctoritas
638 3293 687 3358 his
702 3293 734 3356 in
749 3292 842 3359 rebus
857 3311 979 3358 summa
992 3298 1050 3371 est,
1072 3295 1211 3358 testatur

108 3420 222 3468 nomen
245 3403 407 3483 proprium
430 3401 508 3482 eius,
537 3419 630 3481 quem
663 3399 775 3483 postea
796 3401 946 3482 Buzygae
969 3401 1094 3466 nomine
1116 3418 1209 3465 vene·

109 3510 278 3590 rebantur,
312 3509 531 3593 Epimenidem
560 3509 666 3575 fuisse.
709 3508 820 3575 Potuit
848 3514 953 3574 autem
981 3491 1211 3589 antiqui'illius

109 3619 214 3684 herois
226 3636 339 3684 nomen
350 3637 428 3701 prae
441 3619 590 3702 Buzygae
605 3618 790 3698 cognomine
804 3617 870 3682 lere
892 3618 1021 3682 interire
1041 3620 1211 3700 propterea

109 3727 194 3809 quod
205 3746 292 3810 gens,
314 3745 395 3808 quae
417 3729 457 3794 ab
479 3745 517 3792 eo
540 3728 692 3809 originem
714 3726 858 3806 ducebat,
883 3747 902 3792 a
924 3746 1056 3795 munere
1076 3728 1130 3793 illo
1153 3745 1210 3808 pu-

109 3836 190 3902 blico
208 3837 408 3920 Buzygarum
435 3853 548 3903 nomen
569 3836 705 3919 accepit,
737 3837 820 3918 quod
848 3836 959 3903 deinde
986 3838 1027 3903 ad
1049 3841 1209 3902 auctorem

111 3945 213 4026 gentis
239 3941 431 4024 translatum
464 3950 522 4013 est.
565 3948 615 4014 Ad
641 3964 720 4029 quos
749 3946 837 4031 locos
866 3946 1018 4013 accedunt
1047 3949 1123 4030 tres¹
1147 3943 1209 4024 alii,

115 4149 313 4160 —-.

211 4279 238 4350 1)
256 4278 457 4334 Phellon-Plan.
476 4279 559 4334 1169.

208 4378 238 4446 2)
257 4376 362 4431 Ibidem
382 4394 409 4446 p.
420 4377 480 4432 642.
