3032 5086
786 531 823 586 50

255 703 413 785 volebant,
437 722 507 770 oum
529 703 634 784 porois
658 702 795 768 lustrum
817 698 965 781 facerent,
988 703 1026 765 ut
1046 718 1097 766 res
1117 701 1259 783 impuras
1279 720 1300 767 a
1321 721 1360 768 se

253 817 453 879 removerent
462 812 496 894 ¹).
538 809 638 877 Nimis
661 809 822 876 subtiliter
840 827 914 875 vero
947 807 1044 875 verba
1076 809 1273 890 examinant,
1302 809 1360 892 qui

254 922 362 1002 nigras
383 926 417 988 et
434 919 582 986 candidas
607 936 680 984 oves
699 911 818 986 certam
830 934 971 1002 quasque
983 916 1021 981 ob
1034 917 1360 985 eausamimmolatas

255 1048 324 1096 esse
335 1027 488 1112 dicunt²):
509 1044 584 1096 uoce
606 1027 691 1094 enim
706 1017 876 1108 »πρόβατα
886 1017 1007 1107 μέλανά
1025 1047 1061 1088 τε
1073 1023 1127 1090 καὶ
1145 1021 1264 1090 troad«
1289 1044 1358 1092 om·

255 1138 343 1203 nium
364 1138 504 1203 celorum
527 1153 599 1203 oves
610 1133 836 1217 significantur.
868 1133 1035 1216 Proprium
1047 1133 1245 1200 autemillud
1259 1134 1359 1200 saeri-

203 1313 207 1320 ,
255 1245 369 1312 fieandi
390 1263 489 1329 genus
519 1244 596 1326 quid
629 1244 689 1310 sibi
718 1243 794 1311 velit
823 1259 1045 1326 cognoscemus
1080 1242 1195 1308 collato
1224 1240 1360 1324 Polybio

255 1355 299 1421 IV
312 1359 360 1435 21,
375 1358 404 1419 8.
432 1353 586 1420 Similiter
597 1357 693 1432 atque
704 1351 849 1418 Athenae
860 1369 918 1434 per
926 1351 1175 1430 Alcmaeonidas,
1187 1349 1360 1432 aliquando

256 1463 483 1529 Mutinensium
512 1461 581 1543 agri
609 1459 764 1543 inquinati
796 1463 889 1527 erant
918 1477 955 1526 eo
987 1459 1071 1542 quod
1090 1458 1358 1542 Cynaethensium

176 1561 179 1566 ’
256 1570 354 1652 legati
376 1588 511 1653 quorum
532 1571 565 1635 in
585 1569 691 1650 patria
712 1568 930 1636 erudelissima
947 1569 1060 1635 caedes
1072 1572 1256 1650 perpetrata
1276 1571 1360 1652 erat,

256 1698 313 1763 per
334 1697 444 1746 eorum
465 1683 584 1745 terram
604 1677 738 1761 proiecti
758 1682 859 1744 erant.
903 1676 964 1754 Qui
985 1679 1022 1740 ut
1043 1677 1180 1758 primum
1201 1675 1359 1760 abierunt,

257 1787 472 1878 Mantinenses
485 1787 676 1852 lustratione
696 1785 845 1852 instituta
867 1783 986 1850 hostias
1007 1802 1065 1865 per
1078 1785 1229 1866 oppidum
1245 1786 1278 1849 et
1299 1800 1361 1865 per

256 1899 357 1962 totam
378 1901 498 1962 terram
519 1893 789 1988 circumferebant.
821 1891 893 1958 Non
909 1892 1004 1959 aliter
1014 1891 1215 1975 Epimenides
1230 1909 1269 1976 ea
1291 1909 1359 1974 qua

257 2004 323 2070 dixi
351 2004 471 2071 ratione
493 2003 761 2086 quamplurimos
793 2002 892 2068 totius
915 2001 1041 2068 Atticae
1062 2003 1148 2068 locos
1169 1999 1360 2084 expiationis

208 2107 216 2119 ”
256 2113 426 2196 participes
446 2111 512 2177 fieri
532 2110 668 2178 volebat.

357 2221 415 2287 Oui
437 2221 495 2285 deo
508 2220 711 2304 Epimenides
731 2238 805 2286 aras
827 2219 904 2301 erigi
926 2223 960 2286 et
980 2237 1054 2286 oves
1077 2218 1208 2285 mactari
1229 2216 1362 2282 iusserit

258 2348 298 2395 ex
320 2329 464 2397 obscuris
485 2329 604 2395 Laertii
625 2328 718 2410 Diog.
748 2327 851 2394 uerbis
878 2332 962 2394 certo
983 2329 1127 2409 cognosci
1147 2345 1209 2392 nen
1231 2329 1361 2407 potest:

157 2435 166 2444 ¹
259 2431 448 2523 προστάξας
481 2440 554 2515 τοῖς
589 2428 804 2514 ἀκολούθοις,
843 2433 929 2503 ἔνθα
961 2430 1000 2502 dv
1032 2435 1218 2502 κατακλίνοι
1251 2435 1362 2500 αὐτῶν

260 2543 397 2613 ἕκαστον
421 2539 518 2615 θύειν
537 2547 585 2632 τῷ
606 2541 806 2634 προσήκοντι
827 2547 910 2632 θεῷ.
954 2546 1059 2611 Verba
1081 2545 1129 2632 τῷ
1154 2539 1362 2629 προσήκοντι

260 2654 332 2740 θεῷ
355 2660 392 2720 ut
411 2655 452 2720 ad
474 2654 554 2719 duas
574 2655 716 2720 notiones
736 2651 855 2720 referre
869 2654 1135 2721 itavariismodis
1154 2655 1361 2737 interpretari

259 2781 436 2846 possumus.
479 2763 562 2828 Nam
585 2763 724 2843 primum
745 2762 772 2828 si
794 2781 833 2841 ea
854 2762 1070 2844 coniungimus
1103 2781 1174 2828 cum
1194 2763 1362 2829 notione

259 2871 335 2966 loci
363 2890 447 2955 quae
476 2875 525 2938 est
555 2871 587 2934 in
610 2866 696 2935 ἔνθα
716 2862 755 2934 ἂν
776 2869 977 2950 κατακλίνοι,
1011 2871 1230 2953 significantur
1251 2872 1294 2938 dii
1317 2871 1362 2937 ad

161 3049 164 3059 g
222 2969 225 2974 ’
258 2999 338 3064 quos
361 2980 478 3063 singuli
503 2980 562 3048 loci
582 2981 761 3064 pertinent:
793 2981 936 3062 singulae
959 2981 1056 3064 igitur
1078 2999 1153 3048 oves
1174 2981 1361 3047 immolatae

259 3092 335 3156 sunt
360 3089 417 3155 deo
449 3088 535 3160 illius
565 3089 633 3168 loci,
667 3107 729 3170 quo
757 3106 902 3174 quaeque
931 3090 1085 3169 substitit,
1119 3090 1152 3154 id
1182 3089 1266 3171 quod
1289 3087 1361 3155 fieri

258 3200 395 3280 poterat,
417 3215 489 3263 cum
511 3201 581 3263 tota
591 3200 679 3262 terra
690 3199 852 3264 maculata
864 3198 961 3264 etiam
973 3198 1171 3280 singulorum
1182 3199 1323 3264 locorum
1331 3196 1360 3279 ⁸)

259 3306 303 3372 dii
325 3307 399 3372 irati
421 3323 489 3372 esse
510 3306 723 3373 crederentur.
766 3305 889 3373 Deinde
909 3307 936 3374 si
957 3308 1054 3374 verba
1078 3308 1134 3374 illa
1164 3308 1204 3402 ed
1231 3307 1362 3374 notio-

262 3481 459 3491 —----.-

359 3598 384 3668 1)
403 3597 558 3653 ananam
575 3597 615 3652 11³
625 3599 686 3654 aea.

358 3693 387 3764 2)
404 3693 501 3749 Hoeek
518 3691 558 3750 111
570 3695 622 3749 282
639 3695 735 3766 nigras
753 3711 819 3750 oves
839 3711 854 3750 e
873 3695 1047 3751 Cretensium
1065 3697 1261 3766 mysteriorum
1278 3695 1360 3752 cultu

260 3789 421 3859 desumptae
448 3805 509 3844 esse
533 3790 649 3858 conicit,
675 3791 806 3847 Duncker
824 3792 842 3845 l.
854 3809 877 3846 ο.
888 3791 927 3850 IV
942 3793 992 3847 170
1011 3792 1089 3858 dicit,
1107 3793 1202 3863 nigras
1221 3791 1275 3847 diis
1293 3791 1361 3846 Oroi

177 3935 181 3946 .
261 3891 290 3944 eb
308 3887 417 3956 mortis,
436 3885 568 3941 candidas
587 3887 641 3941 diis
660 3885 729 3942 lucis
748 3891 777 3943 et
794 3888 862 3942 caeli
881 3894 1017 3944 mactatas
1036 3907 1104 3944 esse.
1224 3906 1226 3911 ·

359 3983 387 4054 3)
405 3982 510 4038 Dediis
531 3984 704 4054 singulorum
723 3985 846 4040 locorum
865 3986 971 4042 dietum
991 4004 1050 4041 esee
1068 3987 1188 4042 credunt
1206 3993 1306 4043 auetor
1323 3989 1361 4044 de

259 4079 394 4134 l’hiotoire
411 4079 542 4150 gendrale
563 4085 592 4136 et
610 4079 790 4151 particulidre
814 4083 849 4137 de
871 4083 899 4136 la
923 4083 1010 4140 Grbce
1029 4083 1114 4140 Teme
1131 4084 1157 4140 V
1176 4085 1253 4140 1⁷83.
1268 4101 1296 4154 p.
1310 4087 1356 4140 59.

260 4175 472 4234 uroueuiaher
483 4177 511 4234 11
521 4177 565 4234 88.
584 4178 720 4234 curtiusl
730 4180 790 4234 305.
813 4178 931 4236 Richter
938 4180 958 4236 l.
971 4197 995 4236 c.
1009 4180 1043 4235 El.
1058 4179 1221 4251 Lerminier,
1231 4181 1361 4238 histoire

260 4272 309 4327 des
329 4271 509 4342 legistateurs
537 4277 567 4330 et
595 4275 644 4330 dee
667 4276 866 4331 constitutions
895 4277 930 4333 da
953 4278 981 4332 la
1004 4277 1097 4334 (ireos.
1126 4265 1203 4335 1852.
1232 4277 1321 4334 Teme
1344 4279 1359 4334 Ι

107 4396 111 4403 -
149 4387 151 4391 ’
263 4370 321 4424 185.
340 4368 397 4425 alii.
