3032 5086
629 509 664 560 45

100 685 183 747 rium
204 700 253 763 ep.
272 683 362 745 4111
395 695 525 744 munere
559 676 685 746 iunctus
719 679 951 758 11111511.
987 680 1101 761 Itaque
1126 699 1197 747 cum

102 790 268 857 credamus
286 788 448 854 Chilonem
472 787 552 853 circa
574 787 671 852 1156
694 787 854 868 (sse-53
877 807 903 853 a.
925 788 958 853 0.
978 791 1022 869 11.)
1045 789 1197 872 ephorum

99 898 207 980 fuisse,
224 901 335 980 postca
351 892 618 978 yc‘porraiactum
630 913 707 975 esse,
730 913 792 960 non
809 913 963 979 negamus
979 896 1197 977 Epimenidem

100 1013 196 1074 antea
217 1007 364 1087 Spartam
396 1005 529 1070 venisse.
573 1003 635 1068 Sed
665 1021 858 1084 quamquam
885 1003 1021 1070 concedo
1051 1022 1088 1070 1ο
1118 1009 1196 1070 tem·

100 1137 177 1199 pore
198 1114 416 1196 Epimenidem
438 1112 563 1193 ephoris
585 1113 714 1178 oracula
736 1113 937 1195 commisisse,
960 1133 1022 1180 non
1045 1115 1137 1180 credo
1159 1133 1198 1180 ea

27 1233 31 1240 '
98 1226 181 1290 tanti
203 1223 352 1290 momenti
374 1220 480 1300 fuisse,
514 1239 585 1286 cum
618 1225 650 1286 11
676 1221 715 1286 de
738 1221 869 1286 aliorum
894 1223 1093 1288 oraculorum
1114 1224 1143 1287 vi
1165 1226 1199 1290 11

99 1333 290 1401 auctoritate
311 1331 374 1396 don
404 1331 539 1395 multum
561 1329 714 1395 traditum
736 1329 786 1414 sit,
818 1350 876 1398 nec
897 1338 1040 1397 nostrum
1063 1335 1198 1399 sciamus

99 1444 179 1510 ahas
201 1444 233 1508 in
255 1440 417 1522 republica
437 1439 652 1520 componenda
673 1445 836 1505 versatum
868 1457 946 1508 esse.
998 1438 1065 1506 Nec
1089 1441 1197 1507 11111-

99 1553 184 1630 cedo,
220 1550 274 1630 qui
307 1549 559 1615 coniecturarum
592 1549 725 1614 audacia
747 1549 945 1616 exsultantes
966 1549 1123 1628 dubitant,
1157 1568 1198 1614 an

98 1662 139 1727 ad
177 1659 395 1742 Epimenidem
432 1656 571 1724 referant
608 1658 755 1740 quicquid
793 1658 1054 1726 caerimoniarum
1086 1664 1197 1739 postes

99 1769 288 1851 ephororum
311 1765 484 1850 potentiam
508 1767 655 1848 augebat.
691 1764 823 1831 Nullum
845 1768 928 1833 enim
949 1765 1016 1831 fere
1032 1784 1197 1848 argumen-

99 1882 167 1941 tum
188 1876 307 1941 habent
328 1893 424 1956 quam
442 1874 483 1953 id,
507 1875 591 1953 quod
610 1873 696 1939 aliud
719 1892 830 1940 nomen
854 1885 916 1939 non
939 1874 1092 1954 novimus,
1116 1893 1198 1957 quae

98 2003 150 2051 res
171 1985 205 2049 in
226 1988 293 2048 11111
316 1984 449 2049 obscura
472 1982 625 2048 historiae
648 1987 740 2063 parte
751 1981 888 2047 'minime
911 1985 991 2049 mira
1012 1989 1070 2050 est.

199 2091 341 2173 Denique
355 2075 597 2156 Pausanias'm
614 2094 661 2170 12,
681 2095 717 2154 11
734 2093 841 2172 tradit,
863 2110 936 2156 eum
950 2093 1041 2157 iuxta
1055 2091 1197 2158 Sciadem

99 2201 270 2268 rotundum
293 2199 467 2266 aedificium
483 2199 667 2279 condidisse,
690 2200 800 2283 inquo
823 2205 948 2266 statuae
971 2201 1089 2266 fuerint
1115 2200 1197 2266 Iovis

100 2307 236 2392 Olympii
259 2313 291 2373 et
314 2307 444 2372 Veneris
467 2306 641 2388 Olympiae.
686 2307 804 2388 Venus,
827 2313 864 2373 ut
885 2307 950 2374 filia
973 2309 1096 2383 Diones,
1120 2326 1197 2388 qua·

101 2435 171 2482 cum
200 2414 412 2494 confunditur,
446 2415 557 2480 coniux
580 2414 662 2480 Iovis
684 2419 733 2480 est
756 2421 788 2480 et
809 2420 846 2481 ut
866 2416 1044 2498 Aphrodite
1071 2417 1195 2482 eadem·

101 2544 161 2607 que
184 2525 270 2590 Hera
286 2523 421 2605 Spartae
445 2522 617 2588 colebatur.
661 2525 781 2590 Eadem
802 2524 926 2590 nomine
942 2518 1121 2609 vlloivdppog
1143 2544 1194 2592 us·

101 2651 161 2714 que
191 2634 231 2699 ad
254 2632 378 2698 Solonis
413 2639 539 2713 tempus
569 2632 701 2699 Athenis
732 2634 911 2698 contionum
945 2638 977 2699 et
1007 2634 1198 2716 reipublicae

102 2742 161 2808 dea
176 2749 247 2807 erat
262 2742 293 2824 1).
328 2742 417 2806 Duae
434 2747 540 2807 autem
560 2759 612 2806 res
625 2747 709 2823 sunt,
724 2760 802 2823 quas
819 2741 858 2806 ab
872 2741 1057 2824 Epimenide
1072 2743 1198 2825 ephoris

102 2852 271 2918 mandatas
293 2869 362 2916 esse
389 2850 535 2916 credunt:
558 2851 696 2930 primum
717 2851 799 2915 enim
829 2848 938 2916 dicunt
962 2869 1033 2915 eum
1055 2851 1087 2916 id
1108 2851 1196 2917 insti·

100 2959 200 3025 tuisse
230 2962 267 3023 ut
288 2957 395 3038 ephori
417 2957 578 3022 Thalamis
606 2957 778 3039 intemplo
804 2958 891 3036 Inus,
921 2959 953 3022 in
973 2975 1036 3039 quo
1058 2964 1091 3024 11
1115 2956 1197 3023 Solis

104 3071 136 3131 et
157 3065 334 3148 Pasiphaes
365 3070 493 3132 statuae
524 3083 641 3131 aeneae
673 3067 796 3148 positae
827 3072 919 3131 erant
933 3064 969 3150 ²),
1002 3066 1198 3146 incubarent,

103 3179 134 3240 et
155 3179 194 3240 ut
215 3173 336 3240 somnia
358 3191 440 3254 quae
471 3173 513 3238 ibi
545 3173 697 3240 vidissent
729 3176 929 3240 oraculorum
963 3176 1066 3242 instar
1091 3174 1198 3240 existi·

104 3286 269 3350 merentur
284 3283 322 3361 3).
378 3282 526 3358 Alterum
554 3287 603 3348 est
635 3281 718 3362 quod
755 3302 775 3348 a
803 3282 976 3352 Plutarcho
991 3284 1017 3366 ⁴)
1050 3284 1210 3374 traditur,

102 3392 156 3471 qui
173 3409 227 3458 eos
249 3391 324 3458 dicit
338 3408 419 3456 nono
435 3408 559 3472 quoque
581 3409 663 3456 anno
685 3397 777 3456 nocte
798 3392 888 3456 illuni
910 3393 1031 3458 caelum
1054 3392 1199 3457 observa-

102 3502 185 3567 visse
217 3505 313 3581 atque
343 3518 415 3564 cum
450 3499 576 3564 stellam
611 3500 816 3582 praecipitem
849 3502 888 3567 de
922 3502 1009 3566 caelo
1039 3500 1197 3565 labentem

102 3609 262 3687 vidissent,
293 3607 427 3690 regibus¹
442 3612 509 3673 tam
537 3609 591 3672 diu
612 3611 803 3690 potestatem
825 3609 988 3689 ademisse,
1012 3610 1200 3674 (111111111-

102 3719 172 3784 culo
187 3716 318 3801 Delphis
339 3718 390 3781 vel
403 3716 550 3798 Olympia
572 3716 669 3782 allato
684 3716 807 3782 liberati
818 3723 941 3784 essent.
977 3717 1044 3784 Has
1067 3720 1099 3782 et
1119 3715 1199 3782 alias

202 3985 229 4054 1)
246 3983 447 4040 heller-Pleu.
465 3984 551 4040 1800.
567 3983 619 4040 Ed.
636 3983 770 4054 Gerhard,
790 3984 1198 4058 Grieoh.Mythoiogie11854.

103 4081 125 4150 ξ.
136 4083 199 4150 364,
218 4083 235 4136 6
249 4081 275 4137 d.

200 4179 229 4250 2)
247 4179 328 4233 Pauo.
350 4176 449 4242 11111,
470 4179 484 4229 1
505 4175 553 4230 ubi
572 4174 711 4230 Meursius
729 4193 781 4245 pro
799 4181 900 4248 Παφία
918 4175 1033 4244 scripsit
1052 4162 1197 4246 Haocpoin'.

203 4276 231 4345 3)
248 4273 322 4328 Ρ111.
342 4273 411 4344 Agis
430 4275 455 4328 9.
473 4271 631 4327 Cleomenes
650 4274 676 4326 7.
711 4271 766 4326 (lic.
785 4271 819 4327 de
837 4270 921 4327 divin.
939 4271 1008 4340 143,
1028 4273 1072 4326 96.

200 4372 230 4441 4)
249 4371 321 4425 Plut.
340 4369 408 4440 Agis
430 4371 471 4423 ll.
