3032 5086
285 652 459 719 laesissent.
503 649 659 716 Nimirum
681 649 734 732 qui
752 651 860 732 legum
882 650 1023 730 iurisque
1044 648 1207 715 scientiam
1231 647 1292 716 sibi
1314 665 1388 731 pro·

284 760 387 844 priam
409 777 479 827 esse
500 759 740 839 contenderant,
770 759 911 840 partium
940 757 1045 824 studio
1066 757 1185 824 irritati
1207 757 1390 824 insanabile

284 869 401 936 crimen
420 869 451 933 in
471 886 505 935 se
526 869 851 947 commiseruntque
871 885 967 932 causa
988 867 1046 948 ipsi
1068 870 1101 933 et
1121 865 1241 947 posteri
1261 863 1389 949 ἐναγεῖς

285 980 318 1043 et
338 967 500 1061 ἀλιτήριοι
525 977 583 1064 τῆς
609 976 694 1039 θεοῦ
723 974 763 1041 ab
795 973 1040 1054 Atheniensibus
1072 974 1276 1040 vocabantur.
1319 972 1388 1040 Nec

286 1087 386 1152 solum
407 1085 467 1167 ipsi
488 1104 508 1150 a
529 1084 647 1150 civibus
670 1102 686 1148 e
708 1083 813 1165 patria
824 1083 946 1165 expulsi
957 1083 1098 1148 suntsed
1109 1080 1387 1148 etiam'Olisthenis

237 1180 239 1186 ¹
285 1197 319 1262 et
338 1193 468 1260 Periclis
492 1192 684 1276 temporibus
704 1192 944 1259 Lacedaemonii
975 1211 1075 1276 genus
1099 1209 1207 1257 eorum
1239 1210 1278 1256 ex
1305 1190 1388 1258 urbe

285 1302 342 1370 eici
363 1297 685 1386 iusserunt1)..E0'in
706 1300 844 1382 periculo
863 1319 933 1367 cum
957 1301 1068 1368 civitas
1085 1301 1187 1365 omnis
1201 1303 1235 1365 et
1244 1299 1387 1366 maxime

284 1411 454 1492 optimates
477 1415 679 1478 versarentur
696 1409 841 1476 Solonem
862 1409 1021 1476 exstitisse
1033 1411 1171 1475 testatur
1181 1408 1385 1488 Plutarchus,

285 1523 318 1585 et
338 1519 569 1586 Alcmaeonidis
597 1520 791 1601 persuasisse
813 1524 850 1585 ut
870 1523 1083 1584 trecentorum
1105 1519 1245 1584 uirorum
1269 1516 1386 1584 iudicio

284 1628 464 1696 obedientes
485 1633 601 1695 essent.
640 1629 688 1693 Ab
710 1627 771 1694 illis
792 1633 899 1694 autern
922 1645 940 1692 e
960 1629 1065 1709 patria
1082 1627 1205 1709 expulsi
1226 1630 1313 1708 sunt,
1335 1629 1386 1694 at

285 1756 347 1820 que
367 1740 463 1805 etiam
475 1739 609 1818 gentiles
625 1734 747 1819 flagitio
767 1737 847 1802 adeo
861 1737 1067 1830 contaminati
1081 1734 1386 1817 essscredebantur,

244 1887 246 1890 -
284 1851 380 1913 utne
402 1865 474 1913 ossa
495 1847 621 1928 quidem
644 1863 762 1927 eorum,
785 1846 839 1932 qni
866 1848 939 1911 ante
964 1844 1114 1925 iudicium
1142 1845 1259 1910 mortui
1281 1827 1385 1928 erant,

283 1956 318 2021 in
331 1955 459 2022 Atticae
478 1954 594 2021 finibus
615 1955 717 2021 iacere
734 1959 931 2036 paterentur.
955 1954 1023 2032 Quo
1043 1955 1170 2021 decreto
1192 1953 1224 2020 id
1245 1951 1386 2036 perfece-

286 2071 361 2130 rant
381 2063 599 2142 Athenienses,
620 2063 660 2128 de
683 2081 745 2144 quo
763 2062 961 2146 Thucydides
984 2063 1083 2128 tradit
1103 2063 1124 2128 l.
1136 2082 1161 2130 c.
1174 2061 1233 2145 §.7
1258 2050 1386 2146 ἤλασαν

285 2170 345 2255 μὲν
364 2159 422 2248 οὖν
442 2172 497 2236 καὶ
523 2167 554 2236 οἱ
574 2165 752 2266 'siderales
774 2166 852 2248 τούς
873 2169 996 2255 ἐναγεῖς
1015 2165 1166 2252 τούτους,
1187 2189 1257 2238 cum
1279 2171 1387 2238 caedis

285 2281 371 2348 illius
393 2284 538 2348 auctores
559 2301 621 2348 non
642 2282 705 2347 iarn
728 2283 761 2346 in
782 2282 895 2364 patria,
908 2281 1021 2346 morari
1040 2285 1236 2362 paterentur.
1278 2281 1387 2346 Aucta

284 2407 359 2456 uero
382 2390 517 2471 septimo
541 2390 741 2473 potissimum
767 2385 894 2456 saeculo
920 2389 1114 2455 Graecorum
1142 2389 1294 2471 religione
1320 2406 1386 2453 non

284 2497 348 2563 iam
359 2495 503 2564 sufficere
514 2499 686 2566 credebant
707 2504 869 2565 auctorem
891 2499 996 2565 caedis
1012 2498 1059 2579 iis,
1081 2498 1134 2579 qui
1155 2497 1225 2562 iura
1246 2497 1385 2564 homiuis

250 2634 253 2642 ·
286 2605 379 2672 occisi
398 2605 700 2688 defendebantdiis
721 2607 840 2674 scilicet
870 2611 903 2672 et
937 2607 1093 2690 cognatis,
1115 2605 1298 2674 satisfacere
1326 2606 1384 2672 sed

200 2747 202 2752 ·
282 2718 410 2796 praeter
442 2714 523 2781 banc
560 2716 771 2799 expiationem
806 2708 968 2798 (ἱλασμός)
1000 2715 1159 2797 putabant
1188 2713 1386 2781 interfectori

283 2825 495 2889 necessariam
516 2842 585 2891 esse
613 2824 837 2891 lustrationem
859 2818 1073 2909 (καθαρμός),
1101 2843 1142 2889 ne
1166 2825 1311 2905 impurus
1340 2823 1385 2889 ad

283 2929 359 2998 deos
389 2931 613 3014 hominesque
641 2918 846 3011 accederet2).
889 2931 977 3010 Quae
1002 2932 1186 3014 superstitio
1219 2935 1296 3013 apta
1325 2929 1384 2996 illa

285 3040 325 3105 ad
337 3056 445 3105 mores
463 3040 589 3107 rudium
601 3040 763 3107 hominum
782 3040 983 3124 mitigandos,
1007 3042 1158 3109 siminus
1180 3045 1268 3118 nato,
1285 3043 1385 3106 aucta

248 3172 252 3180 ·
282 3151 389 3213 tamen
409 3147 535 3213 videtur
556 3150 645 3214 cultu
667 3148 821 3231 Apollinis
842 3149 1003 3231 Delphici,
1022 3169 1118 3232 quem
1142 3144 1280 3231 primum
1300 3146 1384 3213 fere-

282 3255 361 3320 bant
386 3254 529 3337 Pythone
560 3255 726 3322 interfecto
756 3257 788 3320 io
819 3255 913 3323 Creta
941 3277 961 3324 a
989 3258 1182 3339 Carmanore
1206 3258 1383 3323 lustratum

283 3364 393 3446 ossei).
424 3367 530 3445 Atque
539 3363 584 3429 dii
607 3366 787 3430 irascuntur
810 3365 985 3432 nonsolum
1007 3366 1056 3448 iis,
1077 3365 1132 3447 qui
1153 3363 1384 3432 interfecerunt

282 3472 338 3540 sed
369 3473 465 3538 etiarn
495 3473 527 3536 in
553 3472 687 3554 gentiles
714 3477 747 3539 et
767 3475 937 3557 populares
966 3476 1021 3555 qui
1044 3476 1172 3541 illorum
1193 3473 1383 3541 commercio

282 3585 417 3647 utuntur
438 3581 554 3646 transit
577 3582 731 3666 contagio,
751 3582 771 3646 i.
787 3601 814 3648 e.
836 3580 974 3670 μίασμα
984 3583 1035 3649 vel
1060 3585 1178 3665 μῦσος,
1204 3582 1288 3662 quod
1308 3599 1381 3648 ver·

282 3687 359 3752 bum
392 3688 488 3754 etiam
514 3707 534 3753 a
563 3687 708 3784 Neanthe
737 3693 927 3770 usurpatum
957 3708 1026 3757 esse
1052 3690 1117 3755 iam
1148 3689 1222 3755 dixi.
1263 3689 1382 3769 Itaque

282 3795 501 3880 Athenienses,
535 3816 606 3864 cum
628 3801 696 3865 tam
724 3798 778 3864 diu
801 3800 971 3866 sceleratos
991 3798 1134 3866 homines
1155 3799 1188 3864 in
1211 3795 1292 3865 nrbe
1312 3817 1382 3866 ma·

281 3923 358 3970 nere
370 3905 458 3987 passi
479 3910 593 3984 essent,
616 3906 676 3988 ipsi
699 3907 792 3990 culpa
812 3906 897 3975 illius
919 3908 1024 3976 caedis
1049 3907 1380 3988 contaminationem,

382 4137 409 4208 1)
428 4136 514 4192 Thnc.
532 4137 550 4194 l.
561 4155 585 4194 c.
603 4138 737 4194 Herodot.
755 4140 834 4197 V'll.
911 4109 912 4115 ἵ
1100 4188 1102 4192 ,

381 4233 408 4304 A)
425 4232 476 4288 Ed.
495 4233 632 4289 Gerhnrd.
648 4234 666 4288 l
685 4253 710 4291 c.
728 4254 755 4305 p.
768 4237 802 4290 69
814 4239 843 4291 et
862 4237 905 4303 ⁷0,
924 4238 982 4291 not.
1002 4235 1055 4291 126
1071 4238 1100 4291 et
1119 4237 1179 4290 127.

380 4329 409 4403 3)
427 4329 591 4397 Schbmann,
610 4330 629 4388 l.
639 4349 662 4388 c.
671 4331 710 4385 11⁸
721 4333 773 4387 352
783 4349 824 4402 sq.
