3032 5086
692 473 729 527 ῃ
798 500 801 506 ,

160 662 222 712 nec
235 641 446 710 Eumenidum
459 647 679 710 sacrosanctae
700 662 784 724 arae,
807 643 928 711 nefario
941 647 1060 712 scelere
1073 643 1261 724 maculatae,

158 752 332 838 restitutae
357 755 461 831 erant,
496 751 529 816 id
557 751 642 832 quod
670 751 852 834 vulgaribus
881 754 1078 832 caerimoniis
1104 753 1172 820 fieri
1197 773 1261 820 non

160 864 300 942 poterat.
332 859 402 937 Qua
427 871 525 926 causa
544 859 688 927 videmus
709 861 747 941 ei,
769 861 821 944 qui
843 881 863 928 a
884 862 977 944 culpa
987 864 1114 930 sceleris
1134 862 1262 944 cylonis

145 988 185 1044 ,a
208 967 391 1051 Thucydide
413 968 561 1051 descripti
580 968 723 1036 Athenas
742 969 880 1036 lustrare
907 970 1041 1054 volebat,
1063 975 1137 1037 ante
1159 972 1264 1037 omnia

163 1079 294 1144 illarum
312 1077 444 1142 dearum
466 1095 557 1144 sacra
578 1077 775 1144 restituenda
804 1077 910 1157 luisse,
932 1081 1046 1146 deinde
1067 1080 1145 1146 alias
1166 1079 1261 1145 caeri-

161 1186 286 1254 monias
302 1186 524 1266 instituendas,
550 1191 643 1269 aptas
666 1187 707 1252 ad
727 1188 832 1253 caedis
852 1188 975 1270 culpam
997 1173 1178 1254 tollendam.

264 1293 333 1360 Hoc
353 1299 460 1360 autem
480 1294 700 1388 Epimenidem
727 1295 843 1363 scimus
868 1296 980 1364 fecisse
1006 1297 1045 1364 de
1073 1314 1137 1380 quo
1158 1297 1262 1363 Laert.
1299 1362 1300 1368 ,

161 1403 256 1484 Diog.
271 1403 288 1466 Ι
301 1407 373 1467 112;
398 1395 561 1488 Ἱδρύσατο
583 1402 619 1468 δὲ
639 1402 694 1468 καὶ
714 1403 792 1486 παρ’
814 1395 1006 1494 Ἀθηναίοις
1026 1399 1065 1470 τὸ
1088 1399 1177 1490 ἱερὸν
1197 1408 1264 1471 τῶν

161 1512 295 1594 σεμνῶν
305 1505 452 1591 θεῶν,“
430 1504 475 1588 ὥς
488 1534 570 1597 φησι
584 1505 735 1595 Λόβων“
718 1537 736 1578 o
746 1504 925 1598 'Apyaiog'
909 1537 942 1579 εν
956 1515 1004 1600 τῷ
1015 1513 1094 1599 περὶ
1107 1515 1263 1598 ποιητῶν.
1349 1575 1352 1579 .

161 1621 288 1688 Nomen
307 1621 374 1684 τῶν
391 1619 623 1704 σεμνῶνθεῶν
644 1622 795 1688 idemt
745 1627 795 1689 est
816 1623 1010 1704 quodThuc.
1029 1625 1054 1689 l
1064 1643 1089 1690 c.
1108 1627 1263 1706 usurpat:

130 1812 133 1815 Δ
162 1729 222 1794 καὶ
233 1727 299 1795 ἐπὶ
319 1731 385 1793 τῶν
412 1731 541 1813 σεμνῶν
560 1732 653 1817 donin
675 1728 814 1818 [ἐντοῖς
835 1731 1023 1816 βωμοῖς]’
1007 1755 1041 1797 εν
1064 1732 1104 1820 τῇ
1126 1727 1264 1818 παρόδῳ

162 1832 387 1924 διεχρήσαντο,
408 1856 466 1906 nec
486 1838 617 1904 dubium
641 1843 690 1906 est
712 1839 787 1921 quin
812 1839 891 1906 falso
912 1839 1061 1921 Hartung
1082 1841 1104 1908 l
1119 1860 1147 1907 c.
1168 1840 1186 1905 Ι
1205 1844 1264 1905 103

163 1947 227 2015 hoc
248 1947 314 2014 loco
328 1945 474 2013 Cererem
495 1951 527 2013 ot
548 1948 770 2032 Proserpinam
785 1947 978 2032 significatas
999 1967 1068 2017 esse
1089 1948 1183 2016 dicat.
1206 1949 1266 2015 Est

163 2054 253 2123 enim
282 2073 395 2122 nomen
426 2057 678 2124 venerandarum
705 2057 837 2126 dearum
859 2057 987 2141 (σεμναὶ
1018 2057 1107 2142 θεαί,
1136 2055 1264 2140 capsael

163 2163 304 2232 Athenis
332 2165 500 2244 usitatum,
528 2183 608 2246 quas
637 2167 812 2234 Pausanias
826 2166 940 2246 laad
966 2169 1106 2234 testatur
1137 2165 1265 2232 easdem

162 2290 246 2353 esse,
267 2273 391 2354 quaein
403 2271 533 2340 Hesiodi
545 2273 726 2355 Theogonis
739 2265 861 2355 Ἐρινῦς
873 2280 1030 2341 vocentur.
1052 2273 1150 2340 Nulla
1168 2293 1266 2340 causa

163 2379 301 2461 cogitari
320 2385 426 2463 potest
447 2397 511 2462 qua
532 2380 735 2466 adducamur,
757 2385 795 2446 ut
814 2382 895 2449 falso
914 2383 1073 2452 Lohonem
1094 2383 1153 2448 hoc
1168 2383 1265 2448 tradi·

161 2491 249 2559 disse
259 2495 416 2572 putemus,
439 2509 511 2556 cum
526 2491 719 2574 ,praesertim
733 2492 812 2558 haec
832 2494 974 2560 narratio
993 2496 1075 2558 etea
1089 2509 1171 2584 quae
1193 2510 1265 2558 cum

163 2600 296 2682 Cylonio
322 2599 440 2667 scelere
464 2605 610 2666 nostrum
637 2602 798 2667 coniunxit
828 2619 886 2684 per
916 2619 950 2668 se
982 2606 1120 2682 utraque
1146 2599 1266 2667 tradita

163 2709 223 2778 sit:
255 2724 336 2789 quas
357 2709 484 2792 quidem
517 2728 574 2776 nos
606 2710 733 2776 demum
765 2710 901 2776 vidimus
932 2715 999 2786 tam
1032 2714 1102 2776 arte
1125 2709 1210 2774 inter
1231 2728 1264 2775 sc

162 2835 304 2884 conexas
326 2835 413 2899 esse,
445 2822 482 2882 ut
510 2819 560 2883 vel
582 2818 608 2885 si
642 2816 706 2884 una
738 2837 849 2886 earnm
871 2824 958 2886 certa
971 2820 1029 2899 sit,
1006 2819 1176 2884 ttcollao
1197 2818 1266 2884 loco

165 2924 360 3008 Thucydidis
395 2926 435 2991 de
463 2928 510 2992 alt
496 2931 566 2991 tera
588 2927 801 2994 coniecturam
824 2926 1025 3020 faciamus1).
1071 2923 1138 2991 Nec
1159 2926 1191 3020 id
1213 2925 1266 2991 ob·

164 3037 237 3102 stat
259 3034 342 3117 quod
364 3034 471 3100 Lohon
499 3034 575 3101 dicit
561 3034 814 3121 tEpimenidem
837 3015 1078 3102 Eumenidum‘
1068 3028 1157 3118 ιερόν
1179 3025 1267 3112 adpal-

163 3145 305 3220 σασθαι,
328 3142 412 3221 quod
433 3141 565 3208 verbum
580 3142 669 3208 video
684 3144 870 3225 plerumque
891 3141 931 3212 de
950 3143 1049 3209 sacris
1071 3144 1173 3208 denuo
1194 3160 1265 3208 con-

163 3249 331 3320 secrandis
344 3249 495 3328 adhiberi,
517 3250 726 3316 Eumenidum
745 3255 852 3317 autem
867 3268 941 3317 aras
957 3255 990 3316 et
1004 3249 1132 3316 aliunde
1150 3249 1266 3315 scimus
1381 3299 1382 3302 ,

164 3357 406 3439 antiquissimas
438 3356 571 3425 Athenis
606 3357 703 3424 luisse
716 3357 758 3442 ²),
792 3363 825 3426 et
856 3345 1118 3425 commemoratas
1148 3376 1216 3424 esse
1248 3377 1268 3422 a

164 3467 352 3551 Thucydide
385 3465 531 3531 vidimus.
580 3465 662 3530 Nam
694 3484 763 3531 cum
797 3467 849 3532 hic
876 3484 948 3531 aras
969 3469 1094 3532 tantum
1118 3467 1266 3545 nominet,

163 3575 371 3658 Epimenides
389 3574 461 3640 illas
482 3575 600 3640 maiore
616 3591 687 3638 curn
710 3574 877 3655 splendore
898 3574 1091 3650 restituitet
1113 3574 1266 3655 templum

164 3686 302 3753 dearum
325 3682 471 3749 condidit.
519 3681 578 3747 Illo
609 3689 751 3764 tempore
779 3680 912 3748 forsitan
935 3681 1010 3748 deas
1041 3681 1184 3749 venerati
1205 3681 1268 3747 sint

277 3958 304 4029 1)
323 3957 400 4014 idom
409 3959 468 4012 lere
478 3956 552 4028 quod
560 3956 659 4012 Lobon
676 3955 765 4012 tradit
777 3955 903 4024 Eudocia
913 3973 941 4025 p.
953 3956 1016 4011 150:
1033 3955 1144 4010 καὶτῶν
1157 3954 1268 4026 σεμνῶν

165 4053 247 4109 θεῶν
262 4049 337 4124 ἱερὸν
346 4047 473 4124 καθάπερ
491 4055 538 4106 καὶ
551 4053 582 4108 ὲν
591 4047 691 4126 Κρήτῃ,
699 4045 838 4124 ἱδρύσατο.
863 4051 1034 4121 Quamquam
1047 4052 1105 4104 scio
1117 4049 1269 4104 Hoeclrium

164 4148 209 4206 111
223 4148 276 4204 282
293 4151 388 4204 notu.
401 4149 456 4203 hoo
474 4147 575 4202 falsum
592 4152 653 4203 esse
664 4147 787 4217 credero,
805 4146 880 4216 quod
899 4163 932 4200 eo
942 4144 1187 4216 magismiraberis
1206 4161 1269 4198 oum

164 4247 272 4309 facore.
289 4247 337 4315 qui
344 4244 540 4315 Epimenidem
547 4247 613 4315 post
620 4244 709 4300 scelus
724 4242 870 4314 Cylonium
877 4241 1001 4298 Athenas
1012 4241 1120 4298 nonime
1130 4239 1270 4296 concedit.

270 4343 297 4412 2)
316 4341 350 4400 U.
367 4340 482 4408 thlcr,
499 4341 549 4397 der
567 4342 698 4414 Areopag
714 4341 744 4396 in
763 4340 865 4399 Athen.
882 4339 1000 4396 Hermes
1018 4338 1056 4398 VI
1077 4355 1104 4407 p.
1117 4339 1176 4393 loa
