3032 5086
653 521 689 575 37

223 688 252 766 ξ.
277 694 304 754 6.
347 690 491 756 Vidimus
521 689 736 772 Epimenidem
767 695 839 772 post
868 691 996 758 caedem
1023 691 1223 776 Cyloniorum

128 795 269 864 Athenas
291 800 412 865 venisse
436 819 475 866 ex
498 802 634 877 oraculo,
664 798 1014 882 quod.Athcniensibus
1042 801 1223 882 pestilentia

123 906 240 986 pressis
267 907 307 971 ab
338 907 486 988 Apolline
507 908 659 989 Delphico
688 908 819 973 mIssunr
847 912 926 974 erut.
979 907 1072 974 Hunc
1096 910 1224 988 quidem

80 1051 86 1064 ·
125 1013 219 1079 deum
242 1033 303 1080 non
326 1033 399 1080 raro
419 1016 451 1079 in
474 1015 600 1098 publica
620 1016 726 1098 aliqua
740 1017 867 1084 miseria
888 1035 978 1081 susm
1000 1017 1223 1084 auctoritatem

123 1141 240 1204 augere
274 1143 434 1206 novosque
468 1124 571 1190 cultus
603 1125 814 1191 instituendos
845 1143 958 1191 curare
990 1125 1149 1192 audimus:
1186 1131 1223 1192 ut

123 1231 281 1312 Tegeatae
302 1234 475 1299 narrabant
484 1234 521 1314 ¹):
561 1226 718 1316 »ὕστερον
749 1231 785 1299 δὲ
813 1228 1032 1318 ἐπιλαβούσης
1061 1215 1224 1316 daupeins

120 1332 258 1420 ἰσχυρᾶς
278 1327 362 1428 ἦλθε
384 1333 551 1422 μάντευμα
574 1339 609 1404 ἐκ
633 1339 773 1428 Δελφῶν
794 1340 942 1428 Σκέφρον
969 1345 1115 1426 θρηνεῖν.
1158 1341 1225 1409 Nec
1334 1429 1335 1434 η

108 1449 227 1518 ¹minus
249 1467 320 1515 curn
343 1448 550 1514 Athenienses
569 1449 800 1533 Metrsgyrtam
811 1449 986 1532 Phrygium
1008 1456 1045 1515 ut
1064 1448 1222 1516 furentem

119 1555 151 1620 in
176 1557 359 1638 voraginem
373 1558 585 1634 coniecissent,
606 1565 718 1639 postea
743 1559 774 1622 in
789 1577 906 1640 magna
928 1564 1033 1624 terrae
1054 1559 1222 1626 sterilitate

119 1663 199 1730 iussi
211 1669 285 1730 sunt
298 1666 337 1731 ab
349 1665 486 1745 oraculo,
508 1667 603 1732 matri
616 1667 719 1732 Deum
732 1667 886 1748 templum
901 1667 1056 1750 erigeret)
1076 1667 1222 1750 (ly-Ionem

120 1776 246 1838 constat
268 1779 341 1854 post
358 1774 398 1839 ol.
412 1777 451 1838 35
472 1779 546 1838 ante
566 1774 725 1839 Pisistrati
747 1776 918 1856 aetatem³)
940 1776 1042 1857 primo
1058 1775 1222 1840 cuiusdam

118 1881 305 1962 olympiadis
327 1900 409 1947 anno
431 1899 535 1947 arcem
557 1883 886 1964 occupavisse‚'quem
908 1901 1026 1948 annum
1040 1883 1222 1965 chronologi

121 1995 152 2053 66
176 1988 368 2055 Plutarchus
391 1993 475 2054 recte
495 1995 570 2054 unte
593 1989 716 2056 Solonis
738 1990 826 2073 leges
845 1997 1033 2072 posuerunt:
1056 1994 1126 2070 620,
1151 1994 1220 2070 616,

125 2099 195 2176 612,
223 2100 292 2175 608,
317 2100 387 2162 604.
431 2097 525 2164 Haud
548 2099 593 2164 166
614 2098 713 2163 multo
736 2101 809 2181 post
833 2098 959 2164 consilio
976 2097 1135 2181 Apollinis
1148 2099 1221 2164 Del-

122 2206 206 2288 phici
228 2207 344 2273 missus
355 2206 444 2271 venit
454 2207 667 2289 Epimenides,
690 2206 981 2273 cumEumeriidum
996 2225 1071 2273 6666
1080 2225 1142 2272 666
1154 2211 1221 2273 6666

125 2314 177 2379 diu
201 2315 267 2379 sine
289 2314 406 2380 honore
430 2315 683 2396 essepotuerint.
710 2316 822 2397 Itaque
837 2333 1030 2398 quamquam
1052 2315 1091 2380 de
1099 2315 1221 2382 Solonis

120 2420 349 2504 etEpimcnidis
370 2422 555 2488 commercio
578 2421 656 2486 nihil
677 2421 736 2485 nisi
752 2422 784 2486 in
804 2413 944 2504 'epistolis
966 2422 1219 2502 etaPlutarcho,

118 2531 169 2610 qni
193 2547 247 2595 666
269 2531 420 2610 sequitur,
441 2530 594 2597 traditum
610 2549 678 2597 esse
692 2532 801 2612 dixip.
814 2537 843 2611 9,
865 2538 899 2598 et
919 2533 1091 2597 amicitiam
1108 2551 1220 2598 eorum
1341 2585 1343 2590 ,

117 2631 253 2706 laudare
273 2639 302 2704 61
323 2645 449 2704 tantum
471 2641 552 2720 licet,
574 2639 629 2723 qui
651 2659 760 2706 omnes
788 2645 908 2723 septem
938 2643 1128 2723 sapientium
1154 2643 1219 2722 epi·

120 2748 219 2814 stolas
240 2747 394 2829 genuinas
415 2765 485 2813 esse
507 2748 614 2829 credit,
638 2752 780 2814 nostrum
802 2747 925 2815 Solonis
951 2754 1056 2816 666666
1076 2751 1219 2816 Athenas

120 2857 245 2922 venisse
276 2854 482 2922 concedimus.
527 2853 611 2920 Num
643 2855 717 2936 quid
749 2856 781 2920 in
810 2855 971 2964 republica
1000 2856 1219 2922 constituenda

119 2964 601 3041 Solonemadiuueritnescimus,
614 2963 777 3030 Plutarchi
789 2969 895 3028 autem
907 2964 1053 3030 laudibus
1064 2964 1163 3029 hocin
1184 2982 1220 3030 re

120 3073 199 3138 nihil
220 3073 422 3139 tribuendum
445 3078 505 3155 est,
527 3090 599 3138 cum
620 3058 832 3138 iam'llort'dm
856 3091 885 3155 p.
904 3076 964 3136 164
978 3078 1043 3139 not.
1057 3075 1117 3135 242
1139 3071 1218 3136 illud

118 3181 339 3247 historicorum
349 3182 553 3262 antiquorum
565 3179 732 3246 artificium
748 3181 913 3262 detexerit,
937 3198 1000 3263 qua
1016 3198 1095 3263 opus
1110 3173 1219 3246 eorum

118 3291 173 3370 qui
197 3289 283 3370 leges
305 3280 507 3370 scripserunt,
531 3289 750 3370 religiosorum
771 3289 933 3354 hominum
954 3288 1108 3355 institutis
1127 3307 1219 3371 prae·
1245 3322 1248 3328 ·

117 3403 268 3481 paratum
287 3414 356 3463 6666
378 3396 590 3463 fabulantur.v
612 3397 697 3462 Dicit
719 3399 821 3461 enim:
855 3397 1054 3479 Epimenides
1080 3396 1219 3479 empiahl

118 3508 207 3573 nicht
226 3506 349 3572 ‘sowohl
369 3505 463 3571 Solon
487 3505 536 3572 als
556 3506 613 3570 der
627 3504 817 3585 Delphische
832 3505 919 3571 Gott.
962 3504 1033 3570 Wie
1054 3505 1219 3586 angeblich

117 3616 174 3682 der
205 3614 364 3682 kretische
393 3613 525 3679 Dichter
558 3613 711 3678 Thaletas
743 3614 814 3679 dem
846 3612 974 3697 Lycurg
1006 3613 1217 3680 vorarbeitete

119 3724 220 3806 (Plut.
241 3722 314 3806 Lyc.
336 3740 403 3803 cap.
416 3721 455 3804 4),
480 3740 515 3787 so
536 3719 612 3786 fand
635 3722 686 3786 die
709 3719 976 3802 spiitereAnsicht
998 3721 1217 3802 auchinEpi-

118 3831 259 3897 menides
282 3831 371 3895 einen
394 3828 616 3895 Verbiindetcn
639 3830 760 3896 Solous.
803 3829 900 3895 Beide
914 3819 1125 3896 Nachrichten
1149 3829 1218 3894 sind

118 3941 320 4005 unerwiesen.
342 3939 448 4018 Atque
460 3936 583 4003 niteris
598 3938 681 4017 quod
694 3936 885 4004 Plutarchus
897 3938 917 4001 l.
930 3956 954 4004 c.
969 3939 1023 4019 qui
1035 3936 1073 4001 de
1084 3936 1218 4002 Thaleta
1319 3995 1323 4002 .

219 4089 245 4158 1)
265 4088 343 4142 Paus.
361 4087 426 4141 VIII
440 4088 483 4155 53,
494 4087 518 4141 3.
1065 4129 1067 4134 .

217 4183 245 4253 2)
267 4181 376 4236 Scholia
394 4181 501 4236 Veneta
519 4181 549 4235 ln
566 4178 763 4248 Aristophanis
781 4180 901 4234 Plutum.
922 4179 983 4232 431.

217 4280 246 4351 3)
265 4278 414 4334 Africanus
432 4296 460 4348 p.
471 4279 513 4332 13.
532 4277 657 4332 Herodot
675 4276 751 4331 Vll.

216 4376 246 4447 4)
264 4374 441 4444 Thucydides
462 4375 513 4429 16.
532 4375 556 4442 ς.
570 4377 595 4428 3.
846 4373 849 4378 '
