3032 5086
671 523 704 576 15

139 690 418 762 dissertationibus
441 695 481 760 de
502 690 614 761 Solone
636 698 669 759 et
689 692 787 761 creto
801 696 834 776 ¹).
875 693 940 760 Nec
961 695 1245 776 praetermittendo

141 806 220 871 sunt
241 823 323 887 quae
345 804 487 870 Doduell
508 804 527 869 l.
539 822 566 870 5.
582 808 614 870 et
629 801 777 870 Gorsinus
790 806 815 884 ²)
837 803 877 870 de
895 808 1047 886 tempere,
1068 804 1245 886 Lemeier⁸)

141 918 176 980 et
196 912 384 996 Schltger4)
411 913 450 978 de
475 912 716 979 lustrationibus
738 913 805 979 eius
835 914 1037 995 scripserunt.
1083 911 1246 996 Schltgeri
1288 911 1290 916 '

141 1022 285 1088 libellum
308 1040 366 1088 nec
377 1020 559 1087 Heinrichie
580 1039 637 1088 nee
652 1021 728 1086 mihi
741 1021 851 1104 legere
865 1021 961 1087 licuit.
998 1020 1184 1102 Sequuntur
1198 1039 1245 1096 ee,

140 1149 226 1216 quoe
237 1129 400 1196 Grubener
411 1129 436 1213 15)
448 1137 481 1196 et
492 1130 560 1195 Tib.
572 1129 833 1196 Hemsterhusius
854 1131 896 1196 ad
909 1129 1246 1222 Lucionilimenemd

140 1240 393 1321 disputaverunt.
438 1238 578 1305 Maximo
614 1244 723 1306 autern
751 1257 828 1320 pers
850 1239 953 1321 operis
974 1239 1114 1304 locorum
1134 1256 1245 1320 cogen-

141 1350 255 1415 dorum
278 1349 341 1414 iam
374 1347 520 1415 absoluta
550 1348 656 1414 estin
686 1348 730 1412 Ie.
763 1348 831 1413 Alb.
854 1347 1023 1414 Fabricii
1052 1346 1243 1414 bibliotheca

140 1457 278 1535 Graece,
302 1460 517 1538 1705-1728,
531 1475 627 1540 quarn
649 1458 753 1524 denuo
769 1457 867 1524 edidit
879 1457 1010 1523 Harless
1028 1459 1245 1522 1790-1809.

97 1653 104 1666 ⁹
251 1568 301 1633 Er
322 1568 372 1633 his
392 1569 481 1648 quasi
505 1566 661 1649 lapidibus
686 1567 814 1633 domurn
840 1572 1006 1633 exstruere
1036 1566 1139 1633 conati
1172 1571 1247 1633 suut

141 1677 323 1759 Bruckerssl,
355 1676 607 1759 Bartnelemyp,
640 1677 778 1743 maxime
806 1681 914 1742 autern
935 1675 1168 1759 Heinrich⁸),
1190 1675 1245 1755 qui

83 1795 91 1805 ·
141 1788 184 1854 (15
205 1786 350 1853 omnibus
373 1791 517 1853 veterum
537 1786 728 1868 scriptorum
751 1784 827 1851 loeis
858 1789 924 1849 tem
951 1784 1031 1851 hene
1061 1784 1244 1866 disputavit,

141 1913 240 1977 quam
261 1896 316 1961 illo
330 1900 474 1976 tempore
487 1899 624 1978 peterat,
647 1894 825 1977 meritoque
843 1893 1093 1977 starlessio⁰)
1113 1893 1245 1973 aliisque

140 2004 294 2070 laudatus
314 2009 373 2071 est.
416 2003 479 2070 Sed
500 2004 600 2069 auctis
620 2023 660 2069 ex
682 2005 737 2070 illo
760 2008 901 2086 tempore
928 2003 1080 2071 historiae
1109 2002 1245 2084 untiqui-

141 2116 249 2180 tetum
268 2113 482 2196 mythologice
504 2112 618 2179 studiis
639 2133 656 2180 e
677 2131 713 2178 re
733 2113 952 2194 videturesse,
975 2117 1012 2177 ut
1025 2112 1246 2179 examinentur

139 2240 348 2305 quaecunque
369 2241 389 2288 5
410 2222 487 2289 uiris
519 2217 706 2288 doctissimis
720 2223 758 2305 ¹⁰)
785 2221 900 2289 collata
930 2226 1019 2303 sunt,
1049 2221 1096 2288 its
1116 2221 1243 2302 quidem
1354 2276 1356 2283 .

229 2527 231 2530 .
246 2474 272 2542 1)
294 2471 393 2542 Opere.
411 2471 446 2527 ed
463 2471 584 2528 Lemius.
604 2471 762 2527 Florentiae
782 2473 850 2526 1741
869 2489 909 2541 sq.
928 2470 1241 2528 meximevol.1et111.

242 2569 270 2640 2)
287 2568 435 2624 Eduardus
455 2568 595 2638 Cerrinus,
613 2568 679 2624 festi
696 2568 787 2624 Attici
807 2569 847 2624 111
865 2587 892 2638 p.
900 2570 943 2623 75.
964 2569 1042 2624 1751.

243 2691 271 2760 8)
289 2689 405 2745 Joennis
428 2689 567 2744 Lemeieri
594 2689 775 2760 Epimenides
799 2688 857 2744 sive
882 2689 917 2744 de
949 2693 1074 2746 veterum
1097 2689 1244 2760 gentilium

105 2817 109 2826 .
142 2786 357 2841 lustrationibus
386 2789 540 2858 syntagma.
566 2786 610 2842 ed.
634 2785 733 2840 ultore.
769 2785 943 2856 Zutphaniae
972 2786 1050 2841 1700.
1077 2804 1104 2856 p.
1125 2788 1242 2854 40-44,

146 2885 207 2954 156,
226 2885 287 2954 214,
304 2885 366 2939 859.

242 2995 270 3064 4)
289 2992 423 3065 SehIEger
442 2994 477 3049 de
487 2951 702 3050 Atheniensibus
713 2994 857 3050 civitatem
876 3010 953 3050 suem
973 2995 1106 3065 sunguine
1123 2993 1244 3051 humone

140 3090 338 3148 lustrantibus.
376 3089 535 3146 Helmstedt
554 3092 631 3148 1789.

245 3174 675 3274 5)(155055550511515555155
697 3203 870 3259 Athenarum
892 3203 1046 3258 lustrabere
1073 3205 1246 3262 animadver-

140 3298 233 3355 siones
260 3298 435 3368 antiquariae
452 3299 489 3355 sd
507 3300 587 3370 Diog.
611 3299 707 3356 Laert.
732 3301 780 3357 lib.
798 3301 812 3355 1
831 3302 874 3365 10,
894 3302 911 3355 9
928 3299 1027 3372 Progr.
1051 3300 1246 3358 Franciscsnei

140 3393 301 3449 hiisniensis
321 3395 398 3448 1742.

141 3519 144 3525 =
240 3492 266 3558 6)
284 3489 384 3546 Jecebi
406 3490 543 3548 Bruclseri
567 3489 687 3546 historie
709 3491 807 3547 eritius
828 3491 1020 3563 philosophiae
1040 3496 1092 3549 etc.
1120 3491 1199 3548 Tem.
1220 3493 1242 3549 1.

142 3585 255 3657 Lipsiae
274 3585 355 3642 1742.
390 3586 459 3642 Pers
477 3587 503 3642 Π
525 3588 548 3643 1.
565 3586 633 3659 529.
653 3605 680 3658 p.
694 3587 748 3643 419
760 3605 801 3658 sq.

243 3683 272 3753 7)
291 3681 498 3755 (Berthblemy),
518 3701 624 3756 voyage
643 3684 681 3740 du
700 3684 782 3740 ieune
800 3684 967 3741 Anacharsis
977 3685 1114 3742 enGrdee.
1133 3684 1211 3742 Tem.
1222 3685 1244 3740 1.

141 3781 222 3836 Paris
239 3782 316 3837 1788.

241 3895 270 3965 5)
290 3894 319 3950 5.
338 3895 370 3952 5.
390 3873 536 3965 nausees,
564 3895 657 3953 eaeor
679 3896 741 3952 nea
767 3897 887 3953 suerent
908 3857 967 3953 eno
990 3897 1097 3968 norges
1124 3896 1176 3952 uer
1193 3896 1244 3952 se-

141 3992 246 4064 ruiung
263 3992 313 4048 des
331 3991 509 4062 Epimenides
528 3992 600 4049 nach
617 3993 718 4081 Athen.
743 3993 905 4050 Bibliothek
922 3994 972 4050 der
991 3993 1245 4050 schdnenWissen·

140 4088 268 4146 sehaften
288 4106 311 4145 e.
325 4107 351 4159 q.
364 4107 386 4145 s.
407 4089 484 4145 1797.
498 4089 581 4156 idem,
599 4089 779 4161 Epimenides
798 4108 847 4146 eus
865 4090 961 4146 Krete.
997 4089 1113 4161 Leipzig
1132 4091 1210 4146 1801.

249 4203 276 4272 9)
293 4203 416 4274 Heriem,
434 4203 628 4274 supplements
639 4203 677 4260 ed
687 4203 925 4261 introductionem
937 4202 1122 4288 inhistorism
1131 4202 1243 4274 linguae

141 4298 273 4356 Greeeee.
294 4301 371 4356 1804.
391 4299 437 4355 vol
450 4300 470 4355 l.
489 4318 516 4371 p.
532 4301 575 4356 77.

242 4399 288 4469 10)
308 4397 339 4454 G.
359 4397 531 4468 Bernhardy,
551 4398 724 4470 griechische
739 4397 795 4453 Iit.
815 4396 913 4454 dasch.
931 4395 976 4454 1⁴.
984 4395 1064 4452 1876.

709 4515 712 4547 l
