3032 5086
672 401 688 454 7

132 567 375 654 Alexandrinus,
405 569 567 638 Stromata
591 572 636 637 VI
659 575 678 636 3
699 589 729 653 p.
746 574 806 635 755
829 571 914 637 Pott.
941 569 1076 636 eundem
1108 571 1141 634 in
1174 589 1232 638 suo

129 678 235 746 oodioe
259 679 389 746 invenit.
444 681 558 764 Itaque
578 683 717 748 Thomas
746 679 1001 746 hldobrandinue
1022 678 1230 762 significatam

128 806 199 854 esse
211 787 439 869 expeditionem
453 793 532 856 'eam
552 789 695 871 eredidit,
718 806 813 870 quam
828 786 928 871 (lyrus
951 790 983 854 in
997 787 1131 870 Lydiam
1145 786 1228 867 feeit,

127 895 184 962 sed
205 897 271 964 iam
293 896 345 961 alii
369 896 516 963 viderunt
536 897 642 981 inepte
663 897 708 964 sio
732 896 898 962 Platonem
919 896 1138 980 Athenienses,
1169 912 1231 977 quo

128 1008 271 1088 tempore
291 1023 382 1072 nemo
406 1004 547 1072 Graecus
578 1005 696 1073 bellum
719 1005 883 1072 Persicum
904 1006 1082 1086 metuebat,
1113 1005 1146 1070 id
1163 1005 1231 1071 bel-

126 1115 195 1180 lum
217 1115 365 1181 timentes
387 1114 547 1181 factorum
571 1114 677 1181 luisse.
724 1114 789 1180 Neo
816 1113 921 1178 minus
953 1118 1087 1195 apparet
1113 1111 1227 1179 falsum
1321 1123 1325 1130 '

128 1241 201 1289 esse
222 1223 335 1288 tritum
364 1222 443 1288 illud
463 1223 641 1305 aliqnando
673 1221 842 1289 artificium
864 1243 884 1288 a
906 1221 1113 1304 Dodwelli01)
1144 1221 1233 1288 adhi-

128 1331 239 1411 bitum,
262 1332 314 1414 qui
338 1331 401 1397 duo
421 1332 621 1414 Epimenides
644 1331 742 1399 fuisse
763 1331 872 1412 eredit,
895 1335 1067 1411 utrumque
1091 1329 1227 1410 Creten,

129 1440 268 1506 alterum
283 1441 472 1522 magistrum
483 1438 695 1523 Pythagorae,
719 1438 854 1506 alterum
876 1436 1075 1520 discipulum.
1105 1436 1233 1501 Primus

127 1547 291 1613 Bentleius
305 1547 332 1630 ²)
351 1567 446 1630 quem
468 1548 611 1629 sequitur
631 1547 924 1630 Hemsterhusiusss)
946 1551 980 1612 et
1000 1543 1233 1624 Barthelemyl

129 1660 191 1720 526
204 1658 346 1724 coneedit
355 1657 520 1724 Platonem
533 1657 592 1723 hoo
606 1656 674 1723 looo
689 1657 721 1722 in
731 1663 910 1739 temporum
923 1655 1046 1721 ratione
1063 1654 1227 1720 erravisse.

126 1766 207 1832 Post
228 1783 323 1847 quem
346 1767 400 1847 qui
431 1764 599 1832 novissime
620 1764 659 1830 de
680 1763 740 1831 hae
761 1783 797 1830 re
818 1765 884 1845 egit
903 1764 1040 1844 Zeller⁴)
1064 1767 1150 1830 reete
1175 1781 1229 1828 ex·
1346 1811 1350 1819 .

125 1875 225 1956 ponit,
247 1873 419 1940 secundum
440 1874 582 1940 Platonis
604 1874 700 1938 verba
729 1876 873 1938 nostrum
894 1871 1113 1954 Epimenidem
1144 1889 1227 1936 anno

127 1983 323 2048 adamo
346 1983 488 2049 Athenas
510 1983 647 2067 venisse,
673 1981 841 2047 Platonem
863 1985 971 2047 autem
993 1981 1033 2046 ab
1062 1998 1113 2060 eo,
1147 1981 1232 2063 qnod
1338 2039 1342 2048 .

124 2091 193 2171 ipse
212 2109 321 2155 verum
351 2107 421 2156 esse
446 2089 647 2171 iudicaverit,
675 2108 738 2156 non
770 2089 912 2170 potuisse
938 2107 1009 2154 eam
1036 2089 1076 2154 ob
1098 2107 1227 2155 oausam

128 2199 276 2264 recedere
297 2203 334 2264 ut
357 2197 500 2280 dialogus
521 2199 673 2265 maiorem
691 2199 758 2264 veri
779 2196 914 2279 speeiem
945 2197 1110 2278 acciperet
1141 2197 1231 2263 Idem

127 2325 250 2374 avero
285 2308 351 2389 ipse
389 2307 518 2374 aberrat
550 2326 621 2373 eum
656 2305 745 2386 dicit,
786 2306 952 2371 Platonem
984 2304 1230 2372 eruditissimum

125 2416 353 2484 Atheniensem
374 2418 495 2484 nescire
517 2435 580 2483 non
601 2416 750 2500 potuisse,
772 2414 990 2498 Epimenidem
1013 2419 1088 2481 ante
1109 2416 1232 2497 legese

126 2525 333 2592 Solonelatas
339 2525 480 2593 Athenas
487 2527 618 2606 venisse,
634 2525 822 2606 dubitatque
832 2522 1047 2604 anPhilippus
1062 2524 1230 2607 Opuntius,

125 2634 181 2715 qui
202 2633 273 2700 illos
296 2633 392 2700 libros
409 2640 481 2716 post
491 2635 635 2702 Platonis.
646 2639 781 2700 mortem
796 2632 904 2712 edidit,
928 2632 968 2697 de
989 2650 1046 2699 suo
1070 2631 1230 2723 addiderit
1320 2709 1322 2714 ,

128 2744 211 2810 hanc
231 2741 383 2821 fabulam,
408 2744 614 2828 compositam
633 2744 720 2810 illam
734 2743 775 2810 ad
796 2743 959 2824 exemplar
977 2743 1055 2822 eius,
1078 2740 1231 2824 quamde

126 2850 268 2917 Diotima
302 2849 449 2918 Socrates
482 2852 515 2917 in
544 2851 691 2918 convivio
723 2870 753 2934 p.
768 2855 827 2916 201
840 2852 879 2916 D.
913 2854 1033 2916 narrat
1087 2849 1229 2916 Primum

127 2959 210 3025 enim
230 2977 293 3026 non
316 2960 619 3048 consideratorem
642 2960 747 3040 ignari
765 2961 890 3026 omnino
905 2965 1083 3042 temporum
1096 2959 1228 3027 rationis

126 3068 299 3135 doctissimi
322 3073 466 3140 veterum
493 3069 664 3168 scriptores
686 3067 804 3134 fuerint
828 3071 862 3132 et
888 3085 985 3149 quam
1006 3086 1079 3134 raro
1100 3069 1227 3149 Eplme
1322 3068 1324 3072 ’

125 3178 214 3244 nidos
226 3177 280 3242 illo
293 3181 436 3259 tempore
446 3179 636 3262 nominetur.
658 3177 779 3243 Deinde
788 3195 850 3242 non
871 3176 962 3244 video
981 3177 1225 3261 ouraPhilippo
1273 3188 1275 3192 ’

127 3303 225 3368 quam
247 3304 268 3351 a
289 3284 422 3352 Platone
443 3285 583 3362 fabulam
605 3287 768 3351 inventam
788 3303 858 3353 esse
872 3286 972 3352 malit.
1004 3286 1101 3354 Nobis
1118 3290 1231 3368 postea

229 3605 256 3674 1)
275 3603 360 3658 Henr.
396 3599 535 3664 Dodwell,
563 3599 598 3654 de
622 3597 764 3654 veteribus
791 3597 960 3654 Graecorum
978 3595 1232 3668 ‘Romanorumque

124 3701 218 3772 eyelis.
238 3700 339 3755 Oxonii
359 3699 436 3754 1701.
455 3716 481 3768 p.
494 3695 643 3752 147-148.
855 3777 857 3780 Ι

224 3796 304 3868 alit.
322 3795 431 3850 Bentlei
453 3792 600 3864 responsio
618 3790 655 3846 ad
674 3791 703 3846 0.
716 3790 803 3861 Boyle
822 3791 857 3848 de
875 3796 967 3848 aetate
985 3792 1169 3863 Pythagoraa
1187 3789 1231 3846 ed.

129 3891 252 3961 Lennep.
269 3907 297 3959 p.
317 3891 431 3945 31-32.

227 3987 256 4058 3)
274 3985 311 4040 ad
328 3984 447 4042 Luoiani
464 3985 608 4040 Timonem
627 3999 687 4054 oap.
706 3984 732 4038 6.

228 4081 257 4152 4)
276 4081 308 4136 Ε.
328 4081 427 4147 Zeller,
451 4080 543 4136 Ueber
561 4079 801 4136 Anaohronismen
828 4079 859 4134 in
880 4077 936 4133 den
960 4075 1158 4132 Platonisohen
1175 4074 1231 4130 Ge-

128 4177 272 4248 sprdohen.
306 4177 532 4246 Abhandlungan
555 4176 606 4234 der
627 4175 733 4251 kenigl.
762 4173 851 4234 Almd.
880 4173 930 4233 dor
957 4173 1039 4265 Wiss.
1062 4191 1097 4231 su
1125 4171 1230 4232 Berlin.

125 4273 225 4346 Jalrrg.
247 4274 325 4330 1873.
343 4292 371 4344 p.
385 4274 502 4330 95-‘9a
