3032 5086
774 506 810 560 38

242 679 353 746 tradit:
368 669 633 762 manasticam
648 671 690 740 ud
703 664 772 764 ἤδη
787 681 820 742 et
834 675 1074 760 προοδοποιεῖν
1087 675 1146 759 τήν
1161 673 1350 754 παίδευσιν,

243 789 283 855 da
305 787 489 870 Epimenide
510 787 621 853 iisdem
642 783 708 851 iere
727 783 832 851 ‘verbis
854 786 975 851 utitur:
997 781 1277 869 προωδοποίησεν
1291 775 1350 848 αρ’-

244 895 291 981 νῷ
314 896 373 983 τῆς
393 892 594 977 νομοθεσίας
606 895 638 958 et
652 891 787 976 ἐποίησε
800 891 1012 978 πρᾳοτέροις.
1049 892 1129 959 Cum
1150 894 1247 975 igitur
1270 894 1350 959 Ter·

244 1004 402 1087 pandrum
424 1002 631 1068 etThaletam
653 1003 825 1083 scriptores
835 1001 928 1066 multi
945 1000 1026 1067 falso
1043 1002 1192 1081 aequales
1212 998 1350 1068 fecerint

245 1112 390 1193 Lycurgi,
404 1111 459 1192 qui
467 1110 786 1176 Lacedaemoniorum
797 1111 882 1192 leges
895 1110 1062 1192 scripsit1),
1074 1128 1185 1174 vereor
1196 1128 1236 1174 ne
1247 1112 1349 1176 etiam

246 1221 297 1300 iis,
329 1237 412 1300 quae
433 1220 545 1286 iisdem
572 1219 675 1297 uerbis
697 1219 736 1285 de
754 1218 943 1301 'Epimenide
964 1225 997 1285 et
1019 1219 1132 1285 Solone
1155 1218 1350 1284 Plutarchus

248 1329 441 1410 pronuntiat,
460 1328 540 1393 nihil
562 1327 762 1393 tribuendum
781 1327 832 1393 sit.

346 1437 416 1502 Iam
438 1437 464 1504 si
488 1435 668 1516 quaerimus
697 1453 760 1515 qua
789 1436 911 1500 ratione
933 1434 1133 1514 Epimenides
1154 1433 1352 1502 clarissimas

183 1620 189 1630 ρ
248 1563 322 1612 suas
332 1545 537 1612 lustrationes
546 1543 680 1612 Athenis
694 1544 875 1623 instituerit,
891 1549 1019 1626 praeter
1030 1562 1068 1610 ea
1079 1561 1161 1624 quae
1172 1543 1246 1622 dixi,
1269 1544 1351 1609 nihil

247 1653 314 1719 lere
334 1653 520 1719 invenimus.
543 1653 591 1718 Ne
613 1653 777 1718 Plutarchi
799 1653 925 1732 quidem
944 1653 1054 1718 verba:
1074 1647 1113 1716 τὸ
1126 1650 1162 1717 δὲ
1184 1653 1349 1736 μέγιστον,

249 1754 400 1842 ἱλασμοῖς
420 1781 486 1825 νισι
501 1759 561 1825 ’καί
589 1762 776 1842 καθαρμοῖς
804 1758 859 1823 καί
875 1752 1025 1841 ίδριίσεσι
1053 1755 1269 1845 κατοργιάσας
1295 1760 1354 1825 καὶ

251 1862 464 1946 καθοσιώσας
473 1863 533 1954 τὴν
543 1862 652 1948 πόλιν,
675 1868 755 1950 alias
775 1885 826 1934 res
837 1866 1014 1948 significant
1027 1873 1122 1949 atque
1137 1863 1352 1934 Eumenidum

249 1979 406 2059 templum
428 1977 588 2043 conditum
605 1980 638 2044 et
649 1976 853 2043 caerimonias
868 1975 940 2042 illas
951 1981 983 2040 et
1001 1977 1163 2043 sacrificia.
1190 1977 1255 2042 Nisi
1266 1975 1353 2043 forte

250 2087 347 2152 etiam
359 2085 478 2152 heroon
490 2085 623 2168 Cylonis‚
645 2085 737 2167 quod
752 2105 850 2168 prope
865 2087 1076 2152 Eumenidum
1089 2106 1162 2152 aras
1178 2092 1210 2152 et
1224 2105 1353 2152 sacrum

251 2195 389 2276 Hesychi
400 2190 493 2271 ἐκτὸς
502 2196 569 2258 τῶν
580 2185 686 2259 Ἐννέα
702 2192 939 2272 celaveram),
960 2212 1023 2260 ιιοιι
1040 2196 1143 2262 minus
1164 2195 1203 2261 ab
1224 2195 1353 2276 Epime-

250 2304 323 2369 nide
337 2303 464 2370 sceleris
476 2302 622 2383 expiandi
637 2319 732 2367 causa
744 2301 902 2368 conditum
915 2321 985 2369 esse
1007 2303 1125 2369 credes.
1154 2302 1244 2380 Quod
1259 2303 1353 2367 illum

250 2412 388 2494 primum
401 2428 495 2492 agros
504 2415 538 2476 et
548 2399 1266 2495 domoslustravissetraditLaert.Dicg.I112,
1278 2411 1355 2476 inde
1405 2487 1411 2494 ‚

251 2523 362 2584 natum
374 2536 442 2584 esse
453 2518 557 2599 credo,
583 2519 667 2600 quod
685 2537 776 2585 nemo
787 2520 936 2600 antiquae
948 2521 1063 2586 aetatis
1077 2522 1219 2586 virorum
1230 2520 1356 2586 lustra·

251 2627 336 2720 tione
348 2628 454 2708 aliqua
465 2628 587 2705 clarior,
601 2632 755 2694 autnemu
766 2630 1006 2696 omninoclarus
1018 2631 1131 2712 erati).
1149 2630 1353 2710 Epimenides

254 2740 361 2800 autem
388 2735 558 2800 maximam
578 2734 732 2801 Graeciae
749 2737 859 2802 urbem
893 2740 1086 2805 lustraverat
1113 2740 1204 2818 eique
1225 2756 1355 2804 carmen

253 2843 507 2923 antiquissimum
529 2845 577 2908 cui
600 2862 712 2958 nomen
737 2851 807 2911 erat
821 2846 1019 2929 nubuppcit
1005 2848 1165 2914 tribuebat
1151 2848 1248 2930 tur4),
1269 2848 1356 2930 quod

256 2953 344 3032 epico
366 2955 468 3017 metro
495 2951 593 3032 script
594 2970 648 3017 um
669 2934 766 3020 fuisse
797 2953 896 3020 credit
882 2955 1068 3022 tHeinrich
1098 2974 1128 3037 p.
1154 2960 1193 3020 99
1215 2962 1280 3021 not
1303 2961 1354 3020 99.

253 3058 339 3124 Vidit
361 3059 445 3123 enim
467 3059 564 3124 verba
576 3057 756 3154 Strabonis:
777 3058 835 3125 τὸν
855 3057 933 3138 τοὺς
952 3057 1149 3144 καθαρμούς
1170 3056 1356 3148 ποιήσαντα

256 3159 310 3230 διὰ
330 3167 396 3229 τῶν
420 3161 545 3250 ἐπιῖνὸ)
568 3185 630 3232 ιιοιι
652 3173 739 3234 recte
759 3169 919 3236 intellecta
939 3171 1356 3253 esseaBarthtlemy162:

256 3261 281 3339 il
304 3274 445 3340 ordonum
466 3275 799 3357 u'acccmpagnerccs
813 3278 967 3345 sacrifices
979 3280 1357 3360 decertainscantiques,

259 3387 429 3464 propterea
457 3382 540 3463 quod
572 3385 694 3450 cantica
726 3403 807 3466 quae
828 3389 868 3453 ad
887 3387 1025 3453 deorum.
1041 3388 1162 3453 cultum
1184 3389 1355 3469 pertinent,

359 3601 385 3670 1)
404 3600 439 3656 ci.
459 3600 565 3670 Gelzer,
584 3601 698 3673 Lycurg
715 3605 768 3658 etc.
788 3602 839 3658 Rh.
858 3603 896 3658 M.
905 3602 1023 3658 XXVIII
1042 3622 1069 3672 p.
1079 3605 1114 3656 27
1125 3620 1166 3671 aq.

356 3696 385 3765 2)
404 3695 687 3752 Polemonis'lliensis
697 3698 732 3753 fr.
742 3701 785 3753 49.
806 3699 848 3766 (F.
858 3699 892 3752 H.
903 3699 934 3755 G.
946 3700 986 3754 111
997 3700 1068 3769 190).
1106 3697 1220 3762 Kbhler,
1239 3697 1358 3754 Harmas

238 3791 292 3845 ¹VI
311 3808 338 3860 p.
354 3793 412 3846 101.

355 3887 383 3956 3)
402 3885 498 3940 Hoech
515 3885 617 3940 illaec
635 3887 716 3952 dicit,
743 3889 779 3943 ad
806 3889 835 3943 id
853 3892 963 3958 tempus
992 3890 1173 3945 lustrationes
1196 3888 1356 3946 cohaesisse

254 3999 316 4038 cum
336 3981 414 4035 cultu
432 3986 461 4036 et
478 3981 590 4051 templis
609 3983 691 4036 unius
709 3984 843 4053 cuiusque
860 3989 962 4040 terras.

354 4077 382 4146 4)
401 4076 495 4133 Simila
506 4094 617 4133 carmen
627 4078 740 4149 scripsit
749 4079 933 4149 Empedocles
944 4081 979 4137 de
990 4097 1044 4150 quc
1055 4080 1140 4134 nihilo
1151 4078 1234 4149 plura
1243 4078 1359 4136 scimus.

255 4171 410 4228 Schbmann
427 4172 454 4227 11
466 4175 527 4228 969.
545 4175 640 4228 noti.

356 4268 386 4338 b)
402 4267 497 4322 Etiam
519 4268 593 4339 apud
616 4267 770 4324 Eudoeiam
794 4269 838 4320 est
855 4284 883 4337 p.
902 4267 964 4323 151:
995 4268 1107 4334 ἐποίησε
1130 4265 1162 4319 δὲ
1182 4267 1228 4318 καὶ
1252 4270 1360 4336 καθαρ-

256 4360 326 4436 μοὺς
344 4361 380 4416 δι’
399 4364 483 4420 ἔπιίν.
